5134 6534
1093 776 1147 854 35

429 1003 516 1063 nas;
543 991 668 1052 contra
692 976 976 1062 incantationes;
1006 986 1131 1050 contra
1151 975 1347 1062 veneficia;
1375 987 1501 1052 contra
1520 975 1768 1078 ossifragium3
1795 1007 1881 1056 eon·
1898 989 2037 1058 Ocrnvo

426 1115 481 1176 tra
505 1101 743 1202 epilepsiam
775 1113 899 1176 contra
923 1111 1078 1176 mortem
1103 1100 1360 1204 repentinam
1377 1127 1444 1201 pro
1467 1099 1564 1174 furto
1587 1103 1778 1178 avertendo
1790 1139 1803 1193 ,ς
1836 1107 1881 1181 ad
1939 1078 1992 1143 &⁰⁴

424 1227 562 1300 furtum
578 1225 838 1326 indagandum,
856 1225 921 1298 &c
959 1223 1051 1298 Haee
1067 1224 1224 1324 plurima
1240 1249 1286 1298 ex
1299 1224 1419 1325 magia
1436 1224 1529 1315 alba,
1546 1225 1618 1312 alia
1632 1241 1753 1314 autem
1769 1229 1880 1332 nigrae

425 1363 510 1425 sunt
534 1349 756 1441 ascribenda,
780 1375 862 1448 quae
884 1349 997 1424 etiam
1022 1361 1107 1424 ante
1131 1363 1279 1424 eentum
1301 1349 1429 1450 viginti
1455 1375 1580 1440 annos,
1606 1350 1644 1424 in
1666 1343 1878 1451 possessoris

424 1473 563 1547 scriniis
589 1477 746 1565 inventa,
772 1499 892 1574 poenae
921 1473 1084 1574 capitalis
1114 1487 1253 1548 reatum
1283 1473 1317 1547 ei
1342 1472 1512 1548 invehere
1538 1474 1762 1574 potuissent;
1790 1504 1821 1552 e.
1842 1505 1876 1578 g.

424 1596 645 1674 characteres
669 1609 794 1672 contra
816 1597 959 1672 felicem
985 1597 1225 1698 piscaturama
1253 1597 1298 1671 ad
1322 1596 1574 1698 impotentiam
1591 1625 1782 1675 veneream
1799 1603 1876 1676 aliis

422 1717 676 1804 efficiendam
704 1718 749 1792 ad
774 1744 830 1794 res
856 1718 1035 1816 (furtivas)
1060 1717 1287 1808 occulendas,
1305 1719 1372 1792 &a
1422 1717 1577 1792 Accedit
1597 1713 1740 1796 Tabira*
1757 1719 1876 1796 Caba-

419 1842 537 1916 listica
552 1868 786 1916 numerorum
803 1843 1040 1942 mysticorum
1056 1869 1123 1942 pro
1137 1851 1161 1886 “
1172 1840 1370 1916 Nativitate
1387 1840 1676 1934 stamenda,”·vel
1695 1844 1792 1918 Fatis
1809 1846 1875 1919 ho-

420 1965 562 2039 minum
581 1965 823 2065 explorandis.
875 1966 1086 2062 (Rarissima
1102 1989 1145 2040 ac
1161 1964 1324 2063 inedita.)

344 2210 521 2287 Verusrn
538 2213 773 2287 Bonsmuru
792 2213 1170 2303 Cnuauunnronoom,
1188 2237 1260 2310 qua
1276 2210 1446 2284 nimirum
1465 2212 1714 2286 continentur:
1915 2207 1995 2306 94,

393 2372 424 2411 α.
449 2337 589 2412 Tabula
610 2339 855 2429 Planetarum,
873 2335 1002 2411 additis
1023 2335 1280 2436 mythologicis
1295 2361 1433 2427 eorum,
1451 2336 1547 2436 apud
1563 2354 1700 2414 veteres
1720 2337 1872 2439 Septen·
1932 2342 1979 2423 Β,

415 2462 597 2554 trionales,
614 2461 834 2554 nominibus,
851 2474 893 2535 ut
913 2472 950 2535 et
973 2460 1200 2535 metallorum
1225 2472 1333 2558 atque
1357 2459 1608 2534 intestinorum
1629 2461 1871 2538 humanorum

417 2597 637 2661 sacratorum
655 2587 937 2660 enumeratione.

390 2717 428 2796 β.
453 2710 511 2783 De
528 2709 798 2809 Nycthemeris‚
816 2737 859 2784 ac
875 2709 1003 2784 Noctis
1020 2719 1058 2782 et
1073 2707 1156 2782 Diei
1173 2706 1297 2782 Horis.

389 2864 423 2930 γ.
450 2831 707 2908 Calendarium
723 2833 839 2907 Vetus
861 2830 1105 2916 Islandieum3
1131 2830 1260 2905 Indico
1284 2856 1384 2905 more
1409 2833 1448 2905 in
1474 2833 1663 2908 semilunia
1683 2836 1741 2908 vel
1764 2837 1870 2910 semi-

414 2981 557 3029 menses
573 2954 741 3030 divisum.
783 2954 832 3028 N.
847 2954 892 3028 B.
915 2954 1107 3028 Januarius
1124 2954 1187 3028 hic
1202 2953 1332 3056 incipit
1347 2956 1385 3029 in
1404 2954 1609 3032 Calendnrii
1626 2959 1869 3052 conclusione,

415 3105 487 3178 qua
508 3092 629 3154 autem
651 3080 789 3155 ratione
812 3079 1014 3165 nescimus;
1043 3091 1167 3152 auctor
1189 3091 1314 3153 tamen
1329 3079 1471 3154 Thorrii
1492 3083 1625 3166 mensis
1642 3082 1785 3158 initium
1802 3111 1868 3184 pro

414 3204 499 3278 anni
524 3204 619 3277 inter
641 3205 779 3306 priscos
804 3203 1048 3279 Scandinavos
1072 3203 1251 3305 principio
1278 3204 1457 3306 accepisse
1476 3205 1628 3280 videtur.
1673 3205 1789 3282 Medii
1805 3207 1866 3281 Ja-

414 3328 530 3402 nuarii
546 3327 622 3402 dies
640 3328 702 3402 hic
718 3327 975 3402 desiderantur.

389 3455 416 3526 l.
442 3451 604 3525 Nomina
619 3449 805 3526 Mensium
823 3451 918 3525 inter
934 3450 1108 3543 Islandos,
1125 3451 1263 3543 Dauos,
1279 3450 1493 3543 Germanos,
1510 3467 1547 3526 et
1562 3453 1682 3554 plnres
1700 3455 1864 3554 antiquas

413 3588 551 3674 gentes.

387 3733 415 3776 ε.
439 3700 498 3774 De
513 3698 653 3772 'l'abula
668 3698 801 3775 Vetere
819 3698 1097 3799 Computistica,
1113 3697 1415 3800 Talbyrdingr
1437 3698 1545 3774 dicta.

387 3836 414 3915 ζ.
439 3825 498 3898 De
513 3823 613 3898 Anni
630 3823 750 3899 Variis
767 3824 1132 3899 Denominationibus
1149 3837 1186 3898 et
1202 3823 1400 3900 Divisione.

386 3982 417 4039 η.
442 3946 647 4023 Delineatio
664 3948 856 4048 Plagarum
874 3946 1019 4039 Mundi,
1032 3947 1133 4022 Anni
1148 3948 1401 4049 Temporibus,
1413 3945 1613 4022 Elementis
1629 3957 1667 4018 et
1681 3945 1863 4022 Humanae

410 4072 506 4149 Vita
521 4071 705 4148 AEtatibns
723 4071 901 4172 adaptata.

385 4205 413 4272 l.
437 4195 551 4272 Maris
575 4197 712 4270 Fluxus
734 4209 772 4270 et
793 4197 980 4288 Refluxus,
997 4223 1019 4270 a
1040 4195 1151 4272 Lunae
1172 4193 1332 4270 Periodis
1352 4193 1607 4295 dependentes,
1631 4219 1715 4268 cum
1740 4193 1863 4267 tabula

411 4319 667 4420 explanatoria.

386 4478 408 4520 ι.
424 4444 565 4519 Tabula
578 4443 778 4518 Literarum
793 4444 867 4518 sive
880 4443 1058 4520 Notarum
1071 4443 1267 4519 Lanarium
1284 4445 1341 4543 (ut
1352 4442 1414 4516 hic
1427 4440 1610 4538 dicuntur)
1624 4467 1690 4541 per
1703 4439 1860 4540 Cyclum

414 4569 457 4642 19
477 4593 666 4658 annorum,
684 4567 804 4668 Signis
821 4566 969 4642 Zodiaci
987 4566 1165 4668 adaptato.

385 4727 416 4768 κ.
440 4694 498 4767 De
514 4690 767 4784 Hebdomade,
783 4693 860 4790 ejus
878 4692 1026 4793 singulis
1043 4690 1183 4784 diebus,
1200 4707 1310 4792 atque
1326 4715 1449 4764 earnm
1472 4703 1509 4763 et
1532 4689 1761 4763 Planetarum
1778 4685 1858 4786 Sig-

411 4842 479 4892 ms.
510 4855 512 4861 v
855 4886 859 4896 .

334 4941 489 5019 Videtur
505 4939 679 5041 scriptum
701 4966 777 5014 esse
795 4968 891 5016 anno
911 4943 1016 5034 1582,
1033 4939 1233 5017 secundum
1249 4942 1403 5018 auctoris
1420 4940 1499 5040 jam
1520 4939 1648 5042 ignoti,
1665 4936 1729 5012 sed
1748 4935 1855 5028 docti,

361 5065 621 5167 autographon.
667 5061 868 5161 (Ineditum
884 5079 922 5140 et
937 5065 1187 5165 rarissimum.)

1069 5215 1090 5264 r
1107 5191 1129 5264 2
