5134 6534
1084 863 1137 945 39

346 1069 530 1144 Caranus
546 1089 662 1140 vania
683 1066 811 1140 Maon
827 1064 931 1155 AEvr,
948 1063 1024 1138 scil.
1041 1063 1184 1142 Einaris
1206 1061 1372 1140 Skulonii
1388 1063 1534 1139 Geisli
1555 1064 1596 1162 (i.
1609 1091 1641 1138 e.
1660 1064 1811 1164 Radius)
1831 1065 1877 1141 de
1893 1057 2033 1138 Ocmvo¹

372 1194 466 1270 Olao
483 1193 631 1285 Sancto,
655 1193 756 1292 Rege
779 1190 969 1290 Norvegiae
993 1189 1105 1263 seculi
1127 1187 1207 1262 114ὶί
1224 1213 1334 1288 agens
1356 1189 1418 1287 (cf.
1435 1190 1501 1264 N0.
1520 1190 1555 1279 6,
1571 1188 1619 1280 Α,
1635 1190 1664 1280 ὃ,
1681 1190 1710 1288 ε)
1736 1201 1773 1264 et
1793 1217 1876 1292 pro-
1933 1158 1989 1223 ⁸¹⁰·

370 1319 486 1392 lixum
503 1317 643 1393 Halleri
661 1316 861 1393 Sacerdotis
883 1315 1058 1416 (Norvcgi
1074 1316 1132 1390 vel
1153 1315 1304 1413 Islandi)
1334 1317 1515 1392 Carmen:
1541 1317 1876 1421 Nicolasdrapa.
1907 1263 2018 1362 102·

370 1444 469 1518 Nota
493 1443 738 1542 manuscripta
761 1441 895 1515 inserta
927 1441 1026 1514 hunc
1053 1451 1218 1514 sanctum
1243 1439 1359 1513 virum
1387 1454 1514 1515 vocat:
1552 1427 1878 1541 “Episco-Eremi-
1936 1400 1985 1481 Α·

371 1575 395 1611 “
411 1580 487 1641 tam
513 1567 833 1667 Augustininnum,
860 1577 1044 1639 mortuum
1075 1592 1170 1639 anno
1206 1565 1311 1656 1310,
1337 1579 1392 1639 ast
1425 1568 1520 1640 1446
1550 1567 1595 1640 ab
1624 1566 1790 1666 Eugenio
1814 1570 1878 1642 4t0

370 1691 512 1792 “Papa
535 1691 575 1764 in
599 1715 791 1763 numerum
813 1688 1029 1764 Sanctorum
1054 1690 1207 1763 relatum
1219 1689 1356 1763 :”-est
1380 1702 1500 1764 autem
1522 1677 1746 1792 pravissima,
1764 1717 1877 1791 quum

371 1817 433 1890 hic
449 1815 638 1890 manifeste
661 1827 786 1915 agatur
807 1813 853 1887 de
869 1814 907 1890 S.
920 1814 1085 1905 Nicolao,
1108 1813 1292 1915 Episcopo
1314 1815 1433 1915 Myrae
1459 1815 1496 1888 in
1520 1815 1634 1916 Lycia
1658 1815 1813 1914 (Russioe
1836 1843 1878 1890 ac

370 1939 502 2040 partim
528 1936 688 2028 Graeciae,
715 1938 753 2011 ni
778 1936 893 2028 fallor,
915 1937 1101 2034 Patrono),
1125 1937 1187 2034 qui
1213 1939 1334 2011 seculo
1355 1938 1409 2009 4ω
1430 1949 1514 2038 post
1537 1937 1727 2014 Christum
1749 1951 1876 2012 natum

371 2062 503 2136 vixisse
519 2060 641 2134 fertur.
692 2060 827 2136 Podma
848 2060 962 2135 hocce
978 2061 1247 2161 perantiquum,
1264 2061 1442 2136 ineditum
1466 2075 1503 2136 et
1525 2061 1745 2137 rarissimum
1771 2064 1878 2164 longe

370 2179 551 2254 diversum
569 2193 624 2255 est
641 2181 685 2254 ab
703 2180 774 2254 alio
789 2192 931 2256 vetusto
949 2183 1073 2282 (supra
1089 2181 1154 2256 ΝΟ.
1170 2183 1206 2272 6,
1221 2182 1270 2273 Α,
1285 2187 1320 2282 η)
1337 2183 1376 2256 in
1394 2181 1555 2282 ejusdem
1574 2185 1688 2259 sancti
1705 2183 1879 2286 Episcopi

371 2303 515 2379 laudem
532 2304 759 2379 concinnato.
812 2305 1088 2406 Calligraphum
1106 2305 1373 2381 accuratissime
1390 2319 1589 2381 exaratum.

347 2552 433 2627 Em
458 2551 566 2627 Litil
592 2553 794 2653 Frdsaga,
818 2555 905 2628 &cz
932 2555 957 2628 i.
974 2581 1006 2628 e.
1023 2554 1303 2629 Narratiuncula
1323 2555 1368 2629 de
1384 2556 1624 2658 Apparitione
1650 2556 1790 2658 Spectri
1813 2556 1879 2632 Gi·
1908 2525 2018 2626 103·

372 2673 505 2773 gantei,
522 2673 738 2748 Hallmundi
764 2674 863 2768 dicti,
888 2676 927 2750 in
954 2678 1127 2777 spelunca
1151 2690 1325 2751 montana
1346 2677 1525 2770 Islandiae,
1550 2677 1698 2753 desertis
1724 2681 1880 2754 circum·
1939 2664 1987 2745 A·

372 2797 467 2888 data,
484 2810 589 2870 nocte
612 2798 746 2872 Iolensi
767 2800 989 2898 (Natiuitatis
1009 2800 1147 2876 Christi
1170 2813 1207 2874 et
1229 2803 1427 2899 antiquitus
1443 2802 1594 2878 Solstitii
1616 2803 1775 2901 hiberni)
1798 2804 1880 2878 tali-

371 2921 440 2994 bus
456 2921 593 2995 eventis
616 2920 766 3013 famosa,
783 2924 970 2998 accinente
985 2924 1182 2998 viatoribus
1203 2925 1359 2998 erroneis
1377 2927 1549 3017 carmina,
1567 2927 1776 3001 archaismis
1798 2955 1880 3029 per-

372 3042 535 3133 obscura,
561 3041 722 3140 alioquin
745 3041 843 3117 dicta
867 3043 1298 3137 Hallmnndr-visur,
1320 3071 1401 3144 quae
1427 3046 1489 3119 hic
1514 3045 1647 3146 scripta
1671 3046 1877 3122 recitantur.

372 3163 500 3264 Agunt
521 3163 567 3236 de
586 3165 748 3239 Deorum
771 3167 974 3266 gentilium,
992 3167 1116 3260 Odini,
1133 3168 1245 3243 Thori
1262 3183 1299 3242 ct
1318 3171 1469 3243 alionum
1487 3169 1608 3260 exilio,
1625 3182 1662 3242 et
1678 3168 1878 3269 Gigantum

372 3287 471 3387 fuga,
498 3287 777 3363 Christianismo
801 3290 1024 3392 irrumpente
1050 3293 1187 3383 effecta,
1213 3292 1252 3366 in
1274 3305 1402 3392 tesqua
1423 3307 1595 3366 montana
1621 3306 1728 3392 atque
1754 3320 1880 3368 eorum

374 3435 517 3509 quoque
543 3409 588 3484 ad
612 3411 794 3485 infernum
819 3413 941 3513 ipsum
967 3415 1204 3512 (Borealium)
1234 3416 1591 3517 profligatione-De
1604 3416 1707 3518 ‘Igne
1732 3416 1882 3492 Subter-

373 3561 493 3627 raneo,
511 3534 711 3636 Gigantum
727 3563 838 3638 opera
854 3542 1131 3639 erupturo—De
1149 3540 1281 3616 Mundi
1300 3540 1515 3636 (secundum
1538 3540 1695 3616 Eddicos
1712 3541 1880 3642 Mythos)

372 3659 528 3735 Excidio
545 3661 868 3762 appropinquante,
887 3665 953 3738 &c
990 3664 1144 3740 Accedit
1162 3665 1456 3742 Commentarius
1479 3679 1675 3766 perpetuus
1691 3666 1880 3766 Anonymi

354 3841 358 3851 ,
374 3783 561 3882 cujusdam
583 3784 645 3858 sed
661 3785 791 3860 eruditi
804 3787 1046 3890 Archaeologi,
1059 3789 1151 3863 forte
1168 3790 1362 3865 Biomonis
1380 3789 1580 3866 askardsa.
1615 3789 1789 3866 Carmina
1802 3789 1881 3864 hnc

376 3907 512 4007 (adhuc
534 3908 685 4006 inedito)
713 3923 776 3984 aut
801 3913 941 3986 somnio
965 3913 1055 4007 (sive
1077 3914 1315 4014 phantasticae
1337 3916 1482 4013 visioni)
1509 3915 1640 4006 Po'e'tae,
1658 3921 1720 3989 aut
1742 3915 1880 3990 fictioni

375 4032 573 4107 Christiani
608 4033 795 4131 cujusdam
826 4036 973 4127 Clerici,
1007 4038 1073 4134 qui
1106 4036 1215 4111 medii
1249 4039 1316 4112 tevi
1346 4065 1447 4113 more
1477 4038 1562 4113 deos
1597 4039 1761 4114 ethnicos
1794 4065 1879 4114 cum

376 4159 593 4259 gigantibus,
617 4167 680 4232 aut
703 4159 807 4233 malis
833 4159 1070 4253 daemonibus,
1087 4160 1262 4255 confudit,
1286 4189 1387 4236 suam
1411 4162 1545 4237 debent
1566 4163 1753 4265 originem.
1804 4163 1879 4238 Ex-

375 4283 514 4383 emplar
531 4298 749 4358 accuratum.
769 4365 774 4375 ,
1785 4295 1787 4303 ’

401 4561 433 4602 α.
460 4528 566 4604 Cano
595 4531 669 4606 sive
692 4530 1043 4631 Hugsvinnsmail
1071 4530 1266 4633 (Sapientis
1292 4534 1471 4632 Consilia)
1502 4534 1663 4609 versibus
1690 4531 1879 4608 Islandicis
1907 4503 2019 4602 104.

427 4653 604 4727 concinne
619 4655 770 4746 inclusa,
788 4682 809 4729 a
824 4654 846 4730 J
848 4680 919 4729 ona
935 4655 1113 4747 Biamaeo,
1131 4656 1336 4732 Sacerdote.
1942 4640 1991 4721 Α·

401 4785 438 4865 β.
465 4776 612 4877 Septem
630 4776 778 4853 Graeciae
794 4778 1008 4880 sapientum
1026 4779 1347 4882 Philosophemata
1361 4783 1504 4882 poetice
1520 4781 1702 4871 translata,
1720 4782 1787 4854 &c

401 4943 404 4950 ι
453 4899 611 4998 (Inedita
626 4913 663 4974 et
679 4903 884 5004 rarissima.)
920 4903 1196 5005 Calligraphum
1214 4918 1380 4979 accurate
1396 4905 1582 5007 scripturn.

353 5138 726 5231 Manio-Binan:
751 5153 775 5226 i.
793 5179 826 5227 e.
848 5154 1029 5254 Rhythmi
1051 5152 1096 5229 de
1119 5153 1253 5229 Sancta
1272 5153 1403 5246 Maria,
1419 5152 1458 5227 in
1476 5151 1601 5228 decem
1616 5155 1728 5229 libros
1750 5153 1877 5241 divisi;
1910 5091 2022 5309 125·
