5134 6534
1408 784 1461 858 22

505 985 916 1066 Quaeroflmrnoon
940 984 1142 1084 Scalptoris
1168 983 1408 1060 Celeberrimi
1434 981 1577 1060 Alberti
1604 981 1678 1080 (vel
1705 983 1837 1056 rectius
1860 982 1997 1058 Berteli
2021 995 2083 1058 aut
2113 982 2202 1058 Bar·

539 1091 621 1191 61.
690 1110 881 1207 tholomei)
900 1105 1244 1194 Thorvaldsen-ab
1269 1103 1528 1204 antiquissimis
1554 1091 1721 1182 Itlahdlte
1740 1105 1989 1207 Magnatibus,
2010 1120 2047 1180 et
2071 1106 2203 1182 doctis-

522 1229 571 1310 A.
592 1230 644 1312 D.
692 1231 793 1308 simis
809 1231 1043 1321 Auctoribus,
1061 1256 1204 1304 necnon
1229 1230 1275 1302 ab
1298 1228 1385 1329 ipsis
1410 1227 1600 1327 Norvegioe
1626 1227 1788 1326 Regibus
1816 1229 1869 1324 (et
1893 1227 1961 1326 pl.)
1989 1224 2155 1316 deducta,
2182 1253 2203 1298 a

690 1356 714 1435 J
715 1383 786 1430 ona
802 1355 990 1456 Espolino.
1023 1353 1305 1454 Autographum
1322 1353 1522 1438 ineditum;
1551 1352 1672 1427 addita
1688 1353 1887 1453 Sculptoris
1903 1352 2202 1453 praestantissimi,

691 1494 729 1562 et
748 1479 911 1555 Praetoris
925 1477 1198 1579 Eyafjardensis
1213 1477 1373 1576 Gunlogi
1390 1476 1529 1567 Briem,
1548 1477 1655 1576 (Regi
1674 1504 1696 1550 a
1712 1477 1870 1552 consiliis
1888 1478 2068 1573 camene)
2087 1477 2203 1551 Thor-

690 1602 865 1678 valdsonii
892 1603 1012 1694 amici,
1030 1602 1265 1702 autographa,
1282 1601 1327 1674 de
1353 1601 1461 1696 hujus
1486 1601 1696 1700 parentibus
1722 1600 1915 1676 relatione:
1941 1600 2094 1676 Inedita.
2128 1602 2203 1676 Da-

692 1753 784 1802 mcc.

541 1952 623 2050 62.
716 2007 748 2046 α.
775 1973 990 2049 Ssnrsu'rm
1009 1972 1204 2071 judicialis,
1231 1972 1440 2048 Laxarholti
1466 1998 1561 2046 anno
1591 1973 1686 2045 1588
1711 1970 1865 2072 prolate,
1889 1972 1935 2044 de
1964 1970 2202 2046 extraditione

558 2091 608 2172 Α.
742 2097 956 2198 episcopalis
974 2097 1067 2171 sedis
1085 2124 1128 2170 ac
1146 2098 1280 2170 scholae
1296 2095 1550 2171 Scalholtinae:
1578 2095 1806 2188 (Ineditum.)

532 2199 634 2364 Wfiim
716 2229 754 2310 β.
781 2222 1032 2296 Inventorium
1058 2235 1095 2295 et
1118 2221 1343 2297 Ornamenta
1367 2220 1513 2319 Templi
1540 2218 1768 2296 Cathedralis
1794 2218 2064 2309 Scalholtensis,
2097 2221 2201 2294 1588.

600 2346 607 2362 '
741 2345 872 2419 iterum
896 2357 1045 2445 accepta
1068 2346 1114 2418 ab
1139 2342 1248 2419 Oddo
1264 2343 1477 2444 Stephanio‚
1494 2342 1692 2418 dioecoseos
1717 2343 1874 2434 officiali,
1898 2341 2096 2417 secundum
2125 2343 2202 2441 ejus

742 2462 794 2540 illi
811 2465 1022 2565 inscriptam
1041 2478 1148 2562 atque
1166 2464 1379 2565 originalem
1397 2466 1588 2564 apocham,
1609 2463 1684 2564 (die
1701 2466 1748 2538 29
1766 2463 1871 2554 Maii,
1893 2465 2015 2561 1632.)

715 2620 749 2685 γ.
776 2586 892 2664 lndex
916 2589 1201 2680 Praedicatorius,
1219 2590 1293 2664 sive
1310 2589 1519 2690 Registrum
1536 2589 1731 2664 fundorum
1758 2588 1852 2662 sedis
1874 2588 2088 2689 episcopalis
2105 2589 2203 2663 Scal-

742 2713 917 2788 holtensis
937 2714 1028 2812 (jam
1044 2715 1191 2814 penitus
1208 2714 1508 2811 abalienatorum)
1529 2714 1728 2788 secundum
1746 2715 2012 2788 attestationem
2029 2714 2200 2815 Episcopi

743 2836 842 2913 Oddi
859 2839 1001 2913 Einan's
1020 2839 1085 2912 filii
1103 2839 1378 2938 autographam,
1395 2864 1509 2936 quum
1532 2839 1675 2912 illarum
1692 2839 1959 2939 possessionum
1978 2837 2204 2914 administra-

741 2960 880 3034 tionem
904 2961 1211 3062 acciperet1589‚
1235 2973 1272 3034 et
1295 2961 1542 3062 syngrapham
1565 2961 1658 3035 infra
1682 2961 1900 3062 adscriptam
1923 2961 2085 3062 episcopi
2109 2963 2202 3036 cele-

742 3085 890 3158 berrimi
918 3085 1101 3184 Brynjulfi
1135 3085 1307 3160 Svenonii
1334 3084 1516 3178 (similiter
1540 3086 1782 3186 originalem),
1806 3086 1840 3160 d.
1865 3086 1900 3160 d.
1923 3095 1946 3161 5
1968 3087 2069 3178 Julii,
2096 3090 2202 3163 1639.

742 3208 991 3282 Recensentur
1007 3208 1046 3281 iu
1062 3208 1134 3282 hoc
1151 3209 1318 3307 Registro
1335 3208 1459 3287 omnia
1474 3205 1610 3309 praedia
1626 3210 1688 3283 illa
1710 3211 1942 3311 episcopalia,
1959 3237 2044 3285 cum
2063 3215 2204 3313 pecori-

741 3333 809 3406 bus
825 3331 960 3422 ferreis,
977 3358 1059 3431 quae
1080 3333 1150 3406 ista
1171 3334 1273 3431 sequi
1296 3331 1489 3423 debebant,
1508 3333 1562 3427 (in
1586 3359 1729 3407 summa
1752 3359 1968 3409 mccuxxvn
1988 3363 2106 3411 vaccae
2128 3337 2202 3410 sive

740 3454 863 3530 ferreae
878 3455 1065 3556 pecudes.)
1116 3456 1304 3531 Postremo
1320 3469 1553 3531 recensentur
1571 3483 1703 3558 pecora
1724 3471 1855 3532 cuncta
1876 3458 1921 3532 ad
1944 3459 2061 3561 ipsam
2080 3460 2202 3535 cadre-

741 3578 879 3654 dralem
909 3580 1032 3654 villam
1059 3580 1288 3680 pertinentia,
1316 3582 1383 3655 &o
1435 3579 1647 3674 (Ineditum,
1672 3593 1709 3655 et
1736 3582 1886 3656 unicum
1911 3581 2003 3656 forte
2028 3584 2201 3684 originale

736 3703 817 3801 jam
833 3703 1020 3802 existens.)

541 3947 622 4047 63
670 3948 745 4024 Urs
767 3948 992 4024 Mannfaed
1013 3950 1036 4024 a
1058 3948 1256 4024 Islandi:
1289 3958 1313 3994 “
1326 3949 1553 4049 Disquisitio,
1571 3978 1618 4025 an
1641 3979 1731 4052 gens
1756 3952 1937 4027 Islandica
1962 3952 2051 4028 olim
2073 3980 2201 4029 nurne-

559 4084 609 4165 Α,
694 4082 718 4118 “
732 4075 844 4149 rosior
859 4075 979 4167 fuerit,
997 4102 1109 4175 quam
1134 4075 1309 4151 hodierno
1333 4077 1542 4176 tempore?”
1569 4077 1712 4174 (1768.)
1763 4078 1924 4151 Auctore
1941 4078 2106 4152 Svenone
2122 4079 2201 4155 Sol·

693 4202 812 4292 viano,
830 4202 1109 4302 Nomophylace
1131 4201 1351 4277 doctissimo.
1402 4203 1448 4276 In
1469 4201 1547 4298 ejus
1563 4201 1739 4303 impressa
1755 4201 1969 4301 biographia
1991 4217 2200 4295 memorata,

694 4323 757 4398 sed
772 4321 908 4398 inedita
925 4337 962 4397 et
978 4349 1067 4396 rara.

682 4543 753 4619 Ad
767 4545 983 4622 Historiam
1000 4544 1233 4624 marasiam
1249 4543 1434 4620 Islrmds'ae
1448 4569 1494 4620 oc
1509 4542 1759 4646 Philologiorrr
1775 4551 1813 4616 et
1823 4540 2080 4641 Antiquitater
2091 4543 2185 4646 Sep-

1191 4667 1430 4742 tentrioaalss
1437 4665 1679 4767 pertinentia.

1157 4816 1223 4900 [cf.
1240 4839 1311 4905 sup.
1327 4818 1383 4882 ΝΟ.
1399 4818 1428 4881 1.
1444 4817 1533 4881 Fuso
1551 4815 1600 4879 11.
1617 4826 1649 4878 et
1662 4811 1721 4900 pl]

544 4946 626 5047 64,
669 4944 962 5020 Msurrfflonss
974 4972 1144 5023 nuiouor
1156 4947 1201 5023 de
1214 4950 1314 5024 libris
1327 4949 1470 5049 scriptis
1482 4944 1683 5035 Islandicis,
1695 4955 1771 5017 tam
1786 4944 1894 5018 sacris
1907 4969 2017 5042 quam
2030 4943 2201 5042 profanis,

524 5087 574 5168 Α,
593 5083 646 5168 Ι),
693 5069 805 5172 praelo
826 5070 1093 5164 submittendis,
1110 5086 1218 5172 atque
1234 5075 1274 5147 in
1297 5075 1417 5148 lucem
1437 5072 1624 5174 publicam
1647 5067 1808 5162 edendis,
1826 5068 1871 5143 ad
1888 5067 2089 5143 Dominum
2110 5067 2203 5142 Hal-
