5134 6534
1101 879 1153 954 25

385 1083 563 1183 quirente,
580 1107 694 1180 quum
710 1080 857 1156 Judaeus
875 1085 995 1176 esset.)
1035 1078 1173 1153 Omnia
1189 1076 1336 1168 inedita,
1354 1079 1498 1178 (praeter
1519 1102 1653 1178 paucas
1671 1076 1891 1154 Eddicarum
1899 1087 2050 1165 Quaero.

385 1201 613 1302 stropharum
629 1201 822 1291 versiones,
839 1201 878 1272 in
897 1199 1010 1274 Eddae
1035 1198 1192 1272 editione
1215 1198 1428 1290 Reseniana‚
1439 1197 1519 1296 jam
1536 1200 1716 1274 rarissima
1731 1211 1767 1274 et
1784 1201 1891 1275 caris-

385 1327 487 1417 sima,
503 1339 631 1427 postea
647 1327 865 1426 impressas.)

408 1452 547 1526 Omnia
570 1476 680 1524 manu
702 1449 848 1551 propria
871 1447 1027 1521 auctoris
1050 1459 1216 1533 exarata3
1243 1461 1415 1547 proeterea
1431 1450 1618 1549 exemplar
1640 1449 1754 1525 hoece
1775 1455 1891 1549 (auto-

384 1573 565 1672 graphon)
595 1598 661 1673 pro
694 1571 804 1644 unico
827 1568 906 1668 jorn
932 1570 1110 1644 existente
1139 1581 1194 1641 est
1223 1566 1445 1642 habendum.
1505 1567 1599 1643 Hoec
1627 1571 1751 1643 omnia
1780 1573 1890 1644 nostri

384 1722 494 1797 opera
525 1696 706 1769 latuerunt
738 1695 908 1768 celeberr.
939 1693 981 1767 F.
1005 1692 1269 1776 Johannaeum;
1304 1690 1376 1766 vid.
1403 1692 1479 1790 ejus
1505 1693 1603 1767 Hist.
1629 1695 1731 1768 Eecl.
1757 1694 1889 1770 Island.

385 1821 455 1896 III.
471 1821 556 1894 560.

359 2068 644 2143 Paorocornun
662 2091 867 2143 omornnsa
882 2065 1022 2142 Gunffi
1039 2089 1121 2140 srvs
1139 2065 1272 2140 Sacris
1290 2066 1450 2167 (Secta)
1469 2066 1745 2142 Sruurosoaun
1762 2068 1890 2142 Isnnn-
1932 2044 2014 2144 68.

384 2217 523 2270 nonum
540 2193 819 2290 (convivarum)
835 2191 874 2264 in
892 2190 1136 2265 Universitate
1153 2189 1359 2282 Hafniensi,
1378 2189 1587 2266 continens:
1918 2181 1964 2263 Β.
1985 2182 2036 2263 D.

407 2355 439 2394 a.
466 2319 581 2418 Leges
598 2315 786 2390 Societatis
813 2313 1085 2413 (Saea-Lavg
1108 2313 1400 2414 Islendinga),
1421 2314 1515 2413 stylo
1531 2314 1723 2388 veterrimo
1733 2313 1891 2411 juridico

433 2442 664 2543 compositas,
691 2440 737 2513 ab
766 2438 1002 2540 Eggerhanlo
1027 2437 1170 2529 Olavio,
1195 2452 1230 2512 et
1260 2439 1373 2540 ipsius
1401 2440 1548 2539 propria
1576 2464 1687 2512 manu
1717 2452 1890 2512 exaratas.

433 2565 528 2640 Sunt
553 2564 726 2638 sessiones
744 2562 933 2637 Societatis
957 2561 1165 2636 authentice
1191 2561 1390 2663 descriptae,
1413 2573 1450 2636 et
1474 2562 1571 2662 leges
1597 2563 1673 2636 iste
1697 2588 1718 2635 a
1741 2562 1890 2662 singulis

433 2689 560 2780 Sociis,
578 2689 788 2789 subscriptis
805 2689 1025 2779 nominibus,
1038 2689 1245 2788 approbetae
1262 2699 1300 2762 et
1315 2700 1480 2788 recepta,
1494 2685 1552 2760 die
1570 2686 1708 2782 (Sancti
1726 2685 1887 2786 Georgii)

432 2813 564 2889 aestatis
587 2814 706 2914 primo
729 2813 880 2913 (quippe
904 2812 997 2886 festo
1020 2812 1192 2887 nationali
1214 2811 1469 2910 Islandorum),
1487 2810 1686 2885 secundum
1706 2823 1809 2885 vetus
1826 2812 1890 2884 bo-

431 2934 583 3007 realium
601 2931 871 3023 Calendarium,
887 2933 940 3007 Α0
962 2934 1067 3012 1760.

407 3066 445 3147 β.
471 3055 655 3134 Sessiones
681 3056 882 3148 Societatis,
904 3055 1113 3130 authentice
1142 3053 1351 3156 descriptas,
1377 3082 1398 3129 a
1428 3058 1515 3136 l7¹²⁰
1536 3055 1693 3156 Augusti
1725 3057 1812 3137 1761
1844 3056 1888 3130 ad

432 3187 542 3259 29¹¹¹¹⁰¹
558 3181 720 3258 Janusrii
741 3183 847 3261 1772.
898 3181 1028 3255 Inserti
1053 3196 1136 3254 sunt
1157 3207 1279 3255 versus
1303 3179 1473 3256 Islandioi
1496 3193 1533 3254 et
1555 3180 1674 3254 Latini
1700 3180 1888 3272 sodalium,

432 3311 527 3384 inter
544 3333 634 3406 quos
651 3307 691 3379 hi
709 3319 899 3404 sequentes
921 3319 1047 3406 postea
1062 3305 1102 3379 in
1118 3306 1320 3406 Republica
1336 3307 1490 3381 literaria
1514 3307 1652 3379 clarum
1670 3305 1737 3378 sibi
1755 3328 1888 3378 nornen

433 3432 641 3532 acquisiere,
657 3431 852 3504 nimirum:

456 3558 643 3633 Johannes
668 3554 830 3646 Olavius,
847 3554 1315 3656 Hypnonesiensis-(Olai
1337 3555 1512 3656 Gunlogii
1536 3556 1644 3645 filius,
1664 3553 1889 3653 Eggerhardi

483 3696 519 3756 et
532 3680 663 3779 Magni
676 3677 785 3753 frater
797 3679 921 3764 ;-diu
936 3678 1124 3754 serenes
1139 3679 1272 3752 Praeses
1286 3681 1342 3752 ver
1357 3680 1496 3772 senior,
1513 3680 1645 3780 (arens
1657 3659 1886 3778 bisanga.)

483 3806 544 3883 Cf.
559 3805 624 3879 N⁰.
641 3805 702 3878 49.

457 3927 618 4027 Magnus
635 3925 799 4015 Olavius,
816 3926 958 4025 (postea
973 3923 1236 4022 Nomophylax
1253 3922 1448 4022 Islandiae.)

457 4051 568 4128 Sculo
580 4047 792 4123 Theodorus
804 4047 1031 4138 Thorlaoius,
1047 4049 1188 4148 (postea
1200 4048 1292 4146 Regi
1310 4074 1332 4120 a
1349 4047 1520 4122 Consiliis
1531 4048 1686 4122 Justitiae
1704 4062 1740 4123 et
1757 4051 1890 4123 Rector

482 4175 625 4252 Soholae
642 4173 934 4272 Metropolitanus
952 4169 1192 4267 Hafniensis.)

459 4297 603 4374 Gislaus
616 4295 841 4386 Thorlaoius,
856 4293 949 4393 (ejus
966 4294 1086 4384 linter,
1096 4306 1222 4393 postes
1242 4294 1375 4368 Rector
1391 4295 1533 4370 Scholae
1548 4295 1728 4370 Litersriae
1745 4297 1888 4371 Reikia-

483 4421 631 4495 sioensis
649 4420 688 4493 in
704 4418 891 4515 Islandia.)

458 4545 599 4644 Egillus
620 4543 895 4634 Thorhallesen,
923 4543 1064 4643 (postea
1086 4543 1213 4617 Pastor
1241 4557 1278 4616 et
1303 4544 1554 4618 Missionarius
1579 4545 1820 4646 Evangelicus
1852 4547 1889 4619 in

484 4664 734 4756 Groenlandia,
751 4680 788 4739 et
802 4663 952 4739 tandem
969 4665 1184 4765 Proepositus
1201 4664 1435 4740 Sacerdotum
1454 4669 1492 4740 in
1510 4668 1664 4764 Fionia.)

460 4788 666 4889 Stephanus
690 4789 923 4880 Biornonius,
952 4792 1093 4889 (postea
1115 4789 1210 4862 inter
1232 4791 1345 4864 claros
1369 4789 1651 4866 Mathematioos
1672 4792 1891 4866 Hafnienses

484 4913 659 5010 habitus.)

460 5034 600 5132 Ejolfus
616 5032 806 5123 Johannis,
826 5039 967 5135 (postea
982 5034 1224 5109 Astrononriae
1241 5035 1281 5108 in
1297 5035 1456 5109 lslandin
1473 5036 1694 5112 Observator
1710 5037 1872 5138 Regius.)

459 5157 571 5232 Jonas
586 5153 788 5244 innobans,
808 5156 950 5254 (postea
966 5157 1102 5231 Prator
1118 5155 1390 5258 Eyaljanlensis
1408 5155 1448 5229 in
1465 5153 1650 5253 lslandia.)

1104 5305 1126 5354 s
