5134 6534
1123 832 1149 906 3

462 1045 498 1121 β.
526 1037 582 1108 De
600 1034 780 1107 scribendi
798 1045 885 1122 arte,
902 1031 1154 1108 vetustissimis
1172 1029 1365 1106 Germanis
1383 1030 1529 1130 cognita
1542 1045 1579 1104 et
1595 1032 1645 1131 pl.
1933 1047 2052 1110 Fomo.

458 1192 492 1255 γ.
519 1160 577 1233 De
595 1157 815 1232 Gennanica
830 1156 1033 1232 Tuscorum
1052 1155 1126 1228 sive
1144 1155 1380 1230 Etmscorum
1399 1154 1544 1250 (ltalia)
1562 1154 1714 1254 origine.
1758 1155 1905 1254 (Nuper

484 1284 617 1356 iterum
634 1309 655 1355 a
673 1283 787 1354 celeb.
807 1279 1011 1354 Niebuhrio
1029 1278 1246 1376 disquisita.)
1292 1374 1298 1386 ³

460 1409 487 1482 l.
515 1407 572 1484 De
590 1406 670 1480 Usu
687 1404 817 1479 Crucis
835 1402 932 1503 apud
948 1401 1124 1478 Gentiles.

459 1565 485 1604 ε.
512 1530 570 1603 De
585 1528 834 1602 Translatione
848 1526 1028 1601 Islandica
1044 1540 1178 1616 vetere,
1191 1539 1229 1599 et
1245 1526 1444 1599 recentiore
1457 1526 1677 1602 Germanica
1693 1529 1898 1628 Prophetioe

484 1652 633 1728 Merlini
653 1651 939 1749 (Semi-editae
956 1650 1197 1741 francofurti,
1219 1651 1342 1746 1602.)
1388 1650 1448 1726 Cf.
1466 1650 1560 1724 infra
1576 1653 1641 1725 ΝΟ.
1662 1653 1742 1726 116.

847 1849 1167 1926 FASCICULUS
1191 1848 1418 1928 TERTIUS.

360 1999 425 2073 De
438 1999 579 2074 Politia
596 2011 633 2073 et
642 2000 744 2074 Jure
758 1998 800 2072 V
793 2009 932 2074 aterum
944 1997 1165 2074 Boreaiium
1182 1999 1221 2072 io
1233 2022 1386 2096 genere,
1404 2008 1442 2072 et
1454 1997 1696 2074 liundorum
1713 1999 1752 2072 in
1768 2001 1901 2099 speeie,

396 2178 457 2234 Art.
1105 2128 1166 2223 85c.

414 2276 445 2347 l.
472 2275 529 2348 De
551 2273 789 2374 dignitatibus
807 2287 915 2371 atque
934 2273 1133 2348 honoribus
1150 2273 1190 2346 in
1207 2273 1286 2372 ipsa
1303 2273 1556 2363 Scandinavia‚
1570 2275 1753 2374 praecipue
1771 2276 1900 2349 Dania.

409 2400 443 2471 2.
469 2399 528 2472 De
553 2397 662 2472 modo
687 2397 891 2497 occupandi
913 2410 951 2472 et
973 2397 1176 2498 imperandi
1195 2424 1215 2470 a
1234 2398 1361 2497 primis
1385 2397 1552 2472 lalandiae
1576 2398 1838 2472 habitatoribus
1865 2413 1901 2472 et

433 2521 664 2620 magnatibus
681 2521 853 2595 exercito.

407 2647 443 2718 3.
469 2644 530 2719 Ad
540 2645 692 2742 justitiae
708 2659 744 2718 et
755 2646 849 2743 juris
866 2646 1054 2721 historiam
1071 2648 1256 2748 pertinens
1276 2648 1331 2745 (in
1347 2647 1466 2747 prisca
1483 2648 1667 2748 Norvegia
1683 2663 1720 2722 et
1736 2651 1884 2745 Dania.)

407 2770 444 2841 4.
470 2770 708 2842 Enumeratio
729 2769 994 2870 praecipuorum
1017 2770 1184 2846 lslandiae
1201 2772 1557 2869 jurisconsultorum,
1574 2785 1738 2871 tempore
1755 2774 1900 2874 reipub·

434 2893 527 2966 licae.

408 3019 443 3089 5.
470 3016 647 3113 Reliquiae
664 3016 850 3116 regiminis
869 3019 1009 3116 antiqui
1026 3018 1065 3092 in
1082 3019 1216 3119 pranis,
1235 3017 1333 3118 apud
1350 3020 1535 3092 Romanos
1552 3032 1590 3092 et
1608 3020 1762 3120 Illyrios.

409 3141 443 3212 6.
471 3139 578 3213 Notoe
596 3140 729 3214 criticae
747 3139 794 3214 ad
810 3141 908 3240 leges
920 3155 1078 3216 vetustas
1093 3142 1416 3232 Sum-Gothorum,
1431 3141 1602 3216 adhibitis
1620 3145 1748 3243 glossis
1760 3145 1899 3245 Anglo-
2025 3153 2026 3156 ’

433 3261 623 3338 Saxonicis
642 3277 679 3335 et
694 3265 744 3362 pl.

399 3389 442 3466 ·7.
470 3387 528 3461 De
545 3386 732 3487 suppliciis
749 3400 924 3461 veterum.

407 3513 442 3584 8.
469 3509 654 3610 Principia
670 3510 856 3609 regiminis
873 3538 916 3584 ac
932 3511 1068 3611 politiae
1085 3512 1180 3588 inter
1194 3515 1332 3613 priscos
1350 3513 1614 3613 Septentrionis
1631 3513 1837 3614 Magnetes.

407 3637 442 3708 9.
468 3635 525 3708 De
552 3632 664 3705 initiis
691 3631 960 3711 Christianismi
986 3647 1024 3710 et
1044 3636 1271 3712 Hierarchiae
1295 3639 1374 3736 (aut
1390 3637 1484 3735 juris
1508 3637 1758 3735 ecclesiastici)
1781 3639 1820 3711 in
1845 3641 1897 3713 ls-

431 3756 564 3832 landia.

825 3856 1145 3933 FASCICULUS
1171 3857 1424 3950 QUARTUS.

356 3984 422 4058 De
433 3981 648 4058 educatione
664 3979 850 4079 laganam
864 3982 971 4082 apud
985 3983 1194 4058 Germanos
1210 3993 1248 4058 et
1258 3983 1526 4073 Scandinoaoc,
1537 4007 1582 4056 oc
1599 3993 1760 4058 aemam
1771 3983 1896 4059 Ieiun-

391 4164 452 4218 Μ.
493 4105 623 4180 doram
640 4103 773 4190 indole,
783 4105 988 4206 principiis
1004 4106 1133 4182 ethicis
1147 4117 1187 4183 et
1194 4106 1370 4206 politicis,
1387 4105 1586 4182 uirtutibus
1601 4117 1640 4182 et
1653 4107 1763 4184 vitiis.

411 4257 442 4328 l.
467 4255 646 4331 Educatio
660 4254 854 4330 infantum.

405 4380 440 4452 2.
467 4381 525 4454 De
554 4379 676 4454 indole
708 4380 835 4454 morali
867 4379 1069 4479 priscorum
1104 4380 1332 4455 Islandomm
1363 4408 1395 4454 e.
1420 4409 1455 4481 g.
1486 4408 1611 4456 eorum
1637 4382 1893 4472 taciturnitate,

430 4505 497 4577 &c
514 4547 565 4565 -
575 4531 660 4578 cum
678 4530 821 4578 annexa
837 4503 1021 4579 schedula.

405 4628 440 4700 3.
466 4625 681 4722 Proejudicia
697 4627 932 4701 auctoritatis.

402 4751 439 4823 4.
465 4747 636 4824 Studium
653 4750 888 4825 conservandi
905 4751 1060 4826 familias
1080 4755 1128 4852 (e.
1146 4779 1182 4853 g.
1200 4753 1497 4852 Sturlungomm)
1518 4754 1584 4826 &c

404 4879 440 4948 5.
466 4873 645 4973 Segnities
662 4887 699 4947 et
715 4876 912 4966 cunctatio,
930 4887 1038 4974 atque
1056 4903 1179 4951 earum
1195 4903 1322 4950 causae.

405 4999 440 5072 6.
466 4997 524 5071 De
542 4997 741 5098 pertinacia
765 4999 902 5100 ingenii
928 5000 1111 5092 Islandici,
1128 5027 1172 5075 ac
1195 4999 1375 5075 diuturnis
1394 4999 1499 5091 odiis,
1517 5013 1554 5073 et
1573 5000 1781 5075 fiunissima
1801 5001 1891 5075 ami-

429 5121 526 5212 citia,
543 5134 585 5196 ut
600 5119 686 5195 inde
701 5121 801 5194 ortis.

1097 5249 1161 5322 aa
