5134 6534
1404 834 1458 908 32

503 1046 655 1125 Quaero.
691 1036 868 1136 designati
886 1037 924 1109 in
942 1035 1082 1127 Svecia,
1100 1036 1260 1110 Holmiae
1282 1037 1375 1109 1689
1392 1033 1569 1133 defuncti)
1583 1032 1789 1131 Adalrr‘llt'gt
1803 1058 1859 1106 om
1873 1032 2028 1108 Islands
2041 1033 2206 1133 Beskqf-

676 1161 828 1261 scaled
840 1186 891 1258 og
911 1160 951 1233 V
946 1159 1094 1234 iltaar:
1121 1161 1145 1233 i.
1163 1187 1194 1233 e.
1212 1160 1324 1234 Varia
1348 1158 1392 1232 de
1419 1158 1585 1233 Islandiae
1610 1160 1715 1234 Statu
1732 1173 1769 1233 et
1787 1160 2026 1246 Conditione;
2052 1162 2205 1236 Danice.

689 1286 780 1386 Agit
809 1299 931 1360 autem
961 1284 1006 1358 de
1038 1285 1164 1356 insulae
1198 1284 1355 1372 elimate,
1380 1283 1655 1382 vegetabilibus,
1681 1285 1914 1358 mineralibus
1946 1285 2140 1385 (inprimis,
2166 1297 2207 1360 ut

690 1409 832 1483 Auctor
852 1410 988 1508 putat),
1015 1420 1176 1506 argent0,
1199 1407 1284 1498 sale,
1304 1407 1496 1506 piscatura,
1518 1405 1639 1479 indole
1663 1407 1862 1481 incolarum
1889 1409 1968 1507 (qui
1991 1411 2036 1482 ab
2063 1435 2106 1482 eo
2129 1435 2209 1510 seg·

692 1527 794 1602 nitiei
819 1541 857 1600 et
878 1527 1016 1600 inertiae
1039 1533 1281 1624 accusantur).
1333 1529 1590 1628 Proponuntur
1611 1554 1720 1629 porro
1744 1530 1894 1603 consilia
1913 1530 2011 1604 varia
2033 1541 2070 1603 et
2092 1530 2207 1605 medi·

693 1653 847 1728 tationes
872 1651 917 1725 de
940 1665 1034 1726 statu
1057 1653 1183 1726 insulae
1204 1665 1241 1725 et
1263 1653 1390 1754 populi
1411 1652 1667 1744 ameliorando,
1685 1681 1716 1726 e.
1735 1680 1770 1753 g.
1792 1652 1837 1726 de
1862 1655 1990 1728 ovibus
2011 1681 2056 1728 ex
2073 1654 2209 1754 Anglia

694 1776 943 1878 importandis,
968 1777 1034 1850 &c
1085 1775 1278 1850 Accedunt
1304 1774 1513 1851 traditiones
1541 1776 1704 1875 quadam
1736 1779 1940 1878 populares,
1967 1778 2012 1852 de
2043 1793 2208 1880 serpente

695 1902 861 2000 aquatico
878 1901 916 1974 in
942 1901 1024 1974 lacu
1049 1901 1195 2000 insigni,
1213 1901 1276 1998 qui
1300 1900 1539 2000 Lagurlliot
1561 1900 1704 1992 dicitur,
1721 1929 1788 2003 per
1810 1906 1929 1977 secula
1949 1904 2054 2004 plura
2070 1904 2207 1978 latente

695 2043 732 2104 at
757 2027 938 2102 interdum
964 2027 1063 2112 vis0;
1090 2026 1135 2100 de
1161 2027 1312 2101 vallibus
1339 2026 1484 2099 secretis
1507 2025 1547 2099 in
1569 2025 1719 2100 desertis
1742 2027 1910 2102 Islandiae
1932 2028 2062 2102 mediae
2087 2041 2124 2102 et
2148 2053 2208 2102 eu·

694 2182 775 2228 rum
802 2153 944 2244 ineolis,
962 2154 1028 2227 &e
1053 2178 1209 2243 necnon,
1236 2151 1447 2253 appendicis
1470 2153 1563 2242 loc0,
1586 2152 1728 2226 Relatio
1759 2151 1804 2225 de
1827 2153 1959 2226 vestitu
1980 2153 2208 2228 Islandorum

695 2280 772 2377 ejus
795 2277 969 2377 temporis
996 2303 1037 2349 ae
1064 2277 1218 2375 querelae
1247 2274 1293 2348 de
1317 2274 1548 2348 muliebrium
1575 2289 1868 2350 ornamentorum
1895 2290 2082 2350 sumtuose
2106 2278 2208 2368 luxu,

695 2406 761 2477 &c
813 2402 974 2478 Libellus
991 2401 1108 2492 hicce,
1125 2401 1347 2502 compositus
1371 2400 1517 2474 Hafniae
1540 2401 1646 2491 1682,
1664 2417 1730 2492 est,
1747 2414 1789 2475 ut
1805 2427 1941 2475 nomen
1963 2400 2207 2501 subscriptum

693 2536 857 2613 testatur,
872 2521 1042 2595 Auctoris
1067 2523 1346 2623 autographum,
1370 2534 1407 2594 et
1432 2523 1582 2596 unicum
1607 2521 1700 2595 forte
1719 2522 1799 2619 jam
1825 2523 1983 2596 existens
2009 2523 2206 2622 exemplar.

694 2644 880 2744 Scriptum
904 2645 1019 2718 hocce
1040 2644 1219 2719 ineditum
1245 2646 1425 2719 omittitur
1449 2647 1488 2720 in
1514 2646 1725 2745 Seiagraph.
1752 2646 1850 2719 Hist.
1874 2645 1944 2720 Lit.
1970 2644 2119 2736 lslaud,
2144 2645 2205 2718 ubi

696 2784 821 2844 auctor
844 2782 968 2843 tamen
989 2771 1087 2868 (pag.
1105 2770 1168 2867 83)
1193 2770 1359 2842 laudatur
1382 2783 1424 2842 ut
1446 2770 1557 2844 Poeta
1578 2783 1616 2842 et
1636 2768 1922 2843 Jurisconsultus
1945 2769 2207 2868 peritissimus;

696 2918 765 2966 nec
781 2893 891 2967 etiam
909 2907 1031 2965 nostro
1048 2891 1249 2982 literatori,
1265 2892 1425 2966 Johanni
1449 2892 1571 2966 Ericio
1595 2891 1686 2989 (sive
1709 2893 1905 2990 Erichsen)
1925 2918 2088 2991 unquam
2104 2893 2208 2966 inno-

696 3019 779 3111 tuit,
797 3033 837 3093 ut
854 3045 899 3090 ex
917 3018 1029 3117 ipsius
1049 3017 1182 3117 scripto
1204 3044 1270 3090 om
1289 3015 1466 3090 lslands
1483 3017 1705 3116 Opkomst
1722 3016 1782 3113 (de
1800 3017 2073 3090 Restauratione
2093 3019 2208 3091 lslan-

697 3142 778 3228 diae,
803 3142 900 3216 Sorae
929 3141 1037 3237 1768)
1065 3167 1147 3241 pag.
1166 3142 1328 3231 46-49,
1354 3141 1417 3214 ubi
1447 3140 1598 3213 aliorum
1625 3140 1756 3213 similia
1780 3141 1912 3240 scripta
1939 3155 2208 3232 enumerantur,

698 3268 898 3341 luculenter
913 3268 1098 3367 probatur.
1148 3266 1215 3339 Est
1231 3265 1341 3366 igitur
1357 3265 1587 3364 Opusculum
1605 3263 1719 3338 hocce
1736 3264 1957 3340 rarissimum
1975 3266 2114 3341 mundo
2130 3267 2209 3341 lite-

698 3391 789 3464 rario
805 3391 950 3490 penitus
968 3389 1208 3489 incognitum.

547 3636 615 3748 87
619 3715 628 3734 ,
673 3635 888 3710 Mammas
903 3634 1124 3710 Jolriasseas
1135 3633 1452 3729 Anraoerlraa'ager
1468 3634 1571 3730 pfocr
1587 3630 1743 3707 Islaads
1762 3631 1980 3705 OEcoaomie
1997 3631 2061 3705 och
2079 3631 2208 3707 &aaa

531 3775 578 3856 ΒΙ
599 3775 650 3856 D,
699 3759 963 3858 Iadbyggere:
990 3761 1014 3834 i.
1033 3786 1063 3831 e.
1083 3759 1364 3833 Observationes
1382 3757 1420 3830 in
1437 3755 1634 3831 Islandiam
1658 3769 1695 3829 et
1716 3755 1829 3857 ipsius
1846 3757 1988 3830 Incolas
2010 3757 2118 3856 (Regi
2135 3758 2208 3831 Da—

699 3885 781 3976 ma,
797 3884 988 3960 Frederieo
1007 3884 1159 3975 Quarto,
1177 3883 1382 3978 insinuatae)
1410 3880 1637 3960 continentes
1653 3880 1752 3954 varia
1768 3879 1917 3953 consilia
1939 3877 1984 3952 de
2009 3879 2051 3954 iis
2074 3879 2112 3952 in
2133 3907 2209 3954 me·

698 4010 825 4084 liorem
857 4022 990 4083 statum
1025 4006 1299 4082 constituendis.
1364 4003 1549 4079 Ineditum
1579 4017 1615 4077 et
1647 4003 1889 4078 verisimiliter
1918 4003 2207 4104 autographum

698 4133 885 4233 exemplar
912 4145 1008 4207 certe
1034 4144 1243 4206 accuratum
1269 4143 1305 4203 et
1330 4129 1524 4229 integrum.
1588 4127 1675 4201 Fuit
1699 4126 1809 4201 etiam
1835 4125 1969 4200 laudati
1994 4127 2106 4200 Ericii
2135 4129 2209 4227 (vel

698 4257 918 4353 Erichsenii)
946 4273 1111 4356 tempore
1134 4255 1309 4356 scriptum
1332 4254 1446 4327 hocce
1470 4252 1704 4341 rarissimum,
1722 4249 1785 4324 sed
1807 4250 1839 4323 ei
1863 4263 1987 4323 tamen
2010 4276 2031 4323 a
2053 4253 2210 4326 celeber-

698 4380 792 4454 rimo
809 4377 1000 4478 Norvegioe
1019 4376 1310 4476 historiographo
1324 4371 1513 4450 Gerhardo
1526 4370 1767 4470 Schoeningio
1783 4369 2104 4457 communicatum,
2120 4369 2207 4465 (vid.

697 4503 875 4580 Islands
902 4502 1123 4604 Opkomst
1148 4527 1231 4601 pag.
1255 4500 1306 4578 47
1309 4505 1333 4594 .)
1384 4497 1538 4596 Scripsit
1562 4494 1702 4571 Auctor
1727 4494 1822 4566 eirca
1848 4517 1984 4570 annum
2014 4493 2121 4583 1730,
2147 4519 2208 4568 na-

698 4629 797 4704 tione
815 4629 1018 4728 Norvegus,
1033 4640 1070 4703 et
1087 4624 1269 4700 interdum
1289 4625 1357 4696 sub
1374 4634 1618 4721 cognomento
1630 4618 1795 4717 Wagel,
1809 4641 1882 4714 quo
1898 4616 2007 4689 etiam
2025 4617 2071 4690 ab
2088 4617 2209 4694 Ericio

700 4751 829 4852 saepius
847 4753 1032 4852 allegatur.
1084 4752 1120 4825 Is
1139 4749 1336 4823 maximam
1357 4745 1525 4821 Islandiae
1547 4762 1687 4845 partem
1707 4741 1923 4841 peragravit,
1940 4753 1981 4814 ut
1998 4741 2208 4842 sulphureas

699 4871 856 4947 Fodinae
874 4873 940 4946 &e
958 4873 1190 4971 investigaret
1207 4884 1244 4943 et
1259 4869 1465 4970 inspiceret.

532 5075 641 5294 3881)
676 5121 884 5198 assinos
907 5144 958 5216 og
977 5117 1225 5214 Betaeakning
1249 5140 1336 5190 ouer
1356 5111 1513 5189 lalanda
1532 5110 1764 5202 OEcoamaic,
1780 5135 1830 5208 og
1850 5107 2042 5185 hoorlcdea
2056 5059 2211 5185 andei
