5134 6534
1448 827 1473 901 8

820 1029 977 1104 Asamm
995 1041 1057 1102 aut
1077 1027 1226 1101 deorum
1250 1029 1380 1125 hostis)
1409 1028 1572 1129 epitheto
1596 1025 1797 1114 indicatur;
1824 1053 1895 1104 vox
1919 1028 2131 1128 pravissima
2147 1028 2237 1103 fad-

821 1153 934 1226 mins
959 1151 1028 1224 alia
1047 1151 1114 1224 rite
1136 1153 1280 1252 poetica
1301 1152 1515 1250 fraenings
1535 1150 1689 1224 feliciter
1711 1149 1872 1236 deletur;
1898 1176 1966 1251 pro
1986 1150 2111 1250 ignoto
2128 1164 2237 1249 atque

819 1275 1019 1377 improprio
1039 1274 1365 1363 fram-merkvr‚
1383 1277 1445 1349 hic
1465 1289 1562 1349 recte
1583 1276 1751 1350 scribitur
1766 1277 2081 1350 Finnmerlrvr:
2106 1291 2236 1377 praeter

820 1397 926 1496 plura
943 1395 1012 1468 alia
1028 1422 1109 1493 quae
1127 1414 1249 1470 nostra
1271 1397 1415 1471 collatio
1439 1395 1564 1470 adfert.
1611 1397 1834 1497 Flateyensis
1852 1395 1981 1473 Codex
1998 1398 2236 1472 nihilominus

820 1547 841 1594 e
856 1519 1034 1593 contrario
1047 1519 1195 1618 aliquot,
1205 1521 1244 1593 in
1257 1521 1398 1595 levioris
1410 1533 1505 1593 notae
1518 1521 1704 1611 vocabula,
1719 1521 1884 1594 meliores
1899 1522 2073 1595 lectiones
2085 1523 2234 1622 proebet,

820 1658 861 1717 ut
877 1643 1064 1740 utriusque
1083 1645 1295 1744 scriptiones
1309 1644 1389 1742 jam
1406 1645 1566 1745 primum
1584 1644 1766 1718 utilissimi
1783 1645 1879 1718 illius
1897 1645 2066 1719 carminis
2081 1647 2234 1745 probam

821 1764 979 1838 futuram
998 1764 1196 1839 editionem
1213 1779 1396 1867 praestent.
1447 1767 1515 1840 Est
1535 1767 1644 1866 igitur
1661 1767 1823 1841 recensio
1839 1767 1919 1841 haec
1934 1767 2122 1866 praesentis
2140 1767 2237 1841 codi-

821 1890 872 1962 cis
889 1889 1190 1988 pretiosissimum
1208 1904 1474 1965 ornamentum.

795 2046 824 2102 η.
852 2013 1212 2088 Nikolas-diktr:
1242 2014 1265 2087 i.
1283 2041 1315 2087 e.
1334 2015 1556 2088 Eucomu'um
1573 2013 1613 2087 S.
1631 2012 1788 2088 Nicolui
1813 2014 1967 2112 (Russiae
1984 2014 2143 2105 Patroni,
2160 2042 2237 2088 aevo

820 2133 1000 2206 catholico
1018 2135 1056 2206 in
1074 2135 1233 2208 Islandia
1250 2135 1360 2209 etiam
1378 2137 1478 2228 culti,
1497 2148 1717 2235 quapropter
1733 2134 1765 2206 ei
1783 2134 1963 2233 templum
1980 2133 2031 2206 ibi
2048 2133 2237 2206 celeberri-

818 2283 921 2330 mum
946 2269 1054 2355 atquc
1082 2258 1374 2357 antiquissimum
1400 2260 1572 2335 Oddense
1604 2257 1725 2332 adhuc
1750 2258 1909 2331 existens
1936 2270 1991 2331 est
2017 2255 2235 2330 dedicatum.

819 2380 1019 2474 (Ineditum
1037 2397 1073 2456 et
1090 2390 1238 2482 rarum.)

793 2516 819 2579 θ.
846 2507 919 2582 Sex
939 2507 1037 2580 varia
1059 2509 1098 2581 in
1121 2509 1294 2583 Sanctam
1313 2509 1470 2583 Mariam
1487 2506 1698 2607 rhythmica
1719 2506 1862 2606 eulogia
1881 2509 2051 2604 (quorum
2076 2506 2236 2603 quinque

821 2630 957 2704 inedita
975 2658 1016 2704 ac
1033 2633 1139 2727 rara.)

794 2790 817 2828 ι.
844 2754 930 2828 Alia
946 2755 1019 2828 duo
1035 2755 1074 2827 in
1090 2755 1262 2830 Sanctam
1281 2757 1440 2832 Crucem
1457 2753 1634 2852 (inedita.)

794 2913 824 2952 κ.
852 2878 1209 2970 Kiitlu-draumr,
1239 2879 1443 2976 (Somnium
1469 2877 1629 2976 Katloe,)
1656 2882 1786 2980 poema
1808 2890 2004 2969 vetustum,
2029 2879 2236 2952 describens

820 3029 959 3076 amores
987 3004 1155 3077 humanae
1182 3005 1354 3095 mulieris,
1383 3017 1419 3077 et
1445 3005 1519 3078 Alfi
1551 3005 1624 3078 sive
1651 3004 1759 3079 Genii
1787 3003 2144 3103 cujusdam-Medii
2169 3005 2236 3078 aevi

819 3125 1049 3203 Islandorum
1066 3128 1111 3200 de
1134 3128 1266 3201 talibus
1284 3129 1428 3203 entibus
1454 3131 1551 3227 (quae
1568 3129 1753 3202 Britannis
1767 3107 1946 3203 *vocantur
1962 3128 2069 3216 eluet,
2079 3127 2236 3228 seirius,

819 3249 880 3323 the
890 3250 995 3347 good
1002 3250 1149 3350 people,
1168 3253 1251 3348 dte.)
1272 3254 1543 3353 superstitiones
1560 3253 1754 3326 illustrans.
1792 3253 1868 3351 (Cf.
1887 3254 1950 3326 N⁰.
1970 3256 2052 3344 132,
2071 3256 2122 3350 6.)

795 3393 827 3447 λ.
855 3375 1027 3448 Lir'rflin
1034 3403 1081 3476 gs
1106 3376 1210 3466 lieu,
1231 3375 1388 3473 (Neuiae
1404 3375 1675 3450 nutricularum
1686 3380 1926 3476 pervetustus)
1946 3375 2110 3474 ejusdem
2127 3390 2168 3450 ut
2185 3378 2237 3450 vi-

820 3501 926 3575 detur
951 3500 1160 3601 farraginis:
1193 3501 1281 3574 hinc
1308 3501 1555 3574 denominatio
1590 3499 1754 3574 melodiae
1779 3499 2006 3602 Lirijflingr
2036 3502 2118 3601 lag.
2169 3501 2237 3574 Est

820 3651 893 3699 vox
917 3624 1090 3698 Lir'rflin
1097 3651 1146 3725 gr
1171 3624 1297 3698 eadem
1328 3652 1369 3699 ac
1395 3623 1568 3698 German.
1586 3623 1777 3724 Liebliug,
1800 3623 1902 3722 quasi
1927 3623 2061 3696 dixeris
2080 3623 2237 3722 Anglice

821 3747 1009 3847 Lovelr'ug
1022 3776 1088 3849 pro
1105 3747 1288 3845 Durlr'ug.

795 3906 832 3968 μ.
859 3871 1154 3947 Skida-rima:
1180 3872 1245 3944 i.e.
1264 3871 1423 3945 Carmen
1437 3869 1841 3944 desomuioSclridouia
1855 3869 1919 3963 (Iri
1931 3869 2130 3966 Islandici),
2142 3873 2237 3944 circa

820 4023 956 4070 annum
975 3997 1082 4086 1360,
1096 3996 1274 4069 concinne
1291 4010 1478 4069 exaramm
1497 3997 1542 4068 ab
1559 3995 1720 4068 Einare
1734 3994 1953 4085 Thordao,
1964 3995 2063 4068 dicto
2079 3995 2236 4068 F6stri.

822 4116 925 4214 (Agit
940 4117 1123 4217 praecipue
1143 4117 1188 4190 dc
1212 4116 1369 4190 mendici
1387 4117 1482 4189 illius
1500 4116 1629 4189 itinere
1653 4113 1699 4188 ad
1714 4114 1936 4203 Valhallsm,
1953 4126 1990 4186 et
2005 4139 2131 4212 pugna
2148 4113 2237 4187 Ein-

782 4309 784 4314 ,
821 4240 991 4313 herorum
1012 4243 1091 4338 (aut
1106 4242 1275 4336 heroum)
1296 4240 1409 4315 Odini
1428 4241 1511 4335 διο.)
1565 4239 1731 4329 Accedit,
2127 4248 2128 4252 ’

797 4399 821 4436 ν.
847 4364 1022 4460 Ejusdem
1046 4365 1216 4438 carminis
1239 4365 1379 4455 Latina,
1398 4379 1507 4462 atque
1531 4363 1799 4463 elegantissima
1817 4361 1978 4459 quidem,
1995 4360 2235 4460 paraphrasis,

822 4500 967 4562 auctore
982 4488 1150 4563 Johanne
1166 4487 1350 4579 Vidalin0,
1370 4488 1618 4564 Celeberrimo
1635 4485 1902 4561 Schalholtensi
1918 4483 2114 4584 Episcopo.

796 4614 825 4694 ξ.
851 4609 1070 4709 Fragmenta
1091 4609 1264 4684 Vaticinii
1295 4609 1517 4700 Merliniani,
1547 4609 1720 4681 translata
1746 4634 1767 4680 a
1791 4607 1868 4680 viro
1893 4605 2104 4705 percelebri,
2132 4605 2235 4680 Gun-

822 4735 918 4833 logo,
948 4734 1135 4808 Monacho
1159 4734 1424 4834 Thingeysensi
1456 4735 1494 4806 in
1526 4731 1695 4808 Islandia.
1741 4711 1813 4808 Cf.
1844 4731 1909 4803 ΝΟ.
1940 4731 1970 4804 1.
2005 4730 2122 4828 (Fasc.
2148 4732 2183 4802 2.
2206 4732 2233 4804 δ.

826 4857 927 4954 116.)

749 4971 798 5046 II.
826 4973 957 5050 Claves
974 4975 1133 5048 metricae
1148 4976 1275 5076 priscae
1292 4977 1514 5067 Borealium,
1533 5003 1574 5050 ac
1592 4974 1799 5049 recentioris
1817 4973 2044 5049 Islandorum
2065 4973 2229 5049 Poe'seos.

776 5085 969 5195 (exemplis
986 5110 1184 5171 metrorum
1200 5099 1267 5172 aevi
1282 5098 1514 5200 perplurimis
1531 5098 1743 5195 illustrate.)
