5134 6534
1427 814 1453 894 6

531 1023 647 1088 Fumo·
696 1025 896 1098 Enumerat
924 1023 1146 1123 prooemium
1177 1022 1421 1096 vetustissima
1453 1021 1594 1110 Danioe,
1626 1022 1830 1122 Norvegiae,
1856 1034 1893 1094 et
1919 1021 2099 1112 Islandiae,
2128 1049 2209 1120 quae

696 1149 868 1238 existunt,
896 1147 1118 1248 diplomata;
1152 1173 1296 1220 necnon
1320 1145 1463 1220 codices
1493 1144 1683 1244 quosdam,
1706 1147 1834 1221 talium
1861 1148 2070 1247 apographa
2095 1149 2210 1221 conti-

696 1285 835 1362 nentes,
854 1273 929 1370 qui,
942 1271 1053 1345 Arnae
1070 1272 1241 1370 Magnaeo
1257 1271 1407 1370 proprii,
1420 1270 1556 1370 periere
1574 1271 1612 1342 in
1629 1269 1729 1343 fatali
1747 1270 1903 1344 Havniae
1925 1271 2095 1345 incendio
2116 1270 2159 1351 17
2162 1273 2209 1344 28

697 1397 764 1470 &c
821 1396 867 1469 In
901 1394 1150 1493 disquisitione
1187 1395 1266 1494 ipsa
1301 1406 1512 1467 enarrantur
1544 1394 1642 1468 varia
1674 1392 1915 1494 diplomatum
1945 1395 2208 1469 lalandicorum

696 1521 771 1594 fata
794 1547 825 1593 e.
843 1547 878 1620 g.
903 1520 1089 1620 naufragia
1110 1520 1168 1593 vel
1192 1518 1324 1592 similia
1346 1518 1555 1607 infortunia,
1579 1545 1676 1592 caeca
1698 1521 1972 1595 reformatorum
1997 1549 2083 1622 erga
2106 1549 2148 1596 ea
2173 1540 2210 1594 et

697 1644 767 1717 alia
782 1647 969 1717 vetustatis
991 1644 1123 1744 scripta
1147 1644 1351 1743 persecutio
1369 1644 1434 1716 &c
1487 1643 1636 1716 Insertoe
1659 1644 1829 1744 leguntur
1851 1647 2007 1746 strophae
2031 1647 2168 1744 aliquot
2189 1673 2209 1717 e

697 1766 897 1840 doctissimi
919 1766 1080 1867 episcopi
1102 1766 1285 1865 Brynjulfi
1313 1766 1386 1863 (vel
1410 1766 1593 1865 Brynolfi)
1618 1765 1790 1840 Svenonii
1818 1768 1987 1843 “Crucis
2011 1768 2209 1843 Encomio”

701 1891 761 1990 (de
779 1893 1012 1992 religionibus
1029 1891 1305 1991 Septentrionis,
1323 1905 1432 1989 atque
1449 1891 1612 1991 Angliae3
1640 1892 1779 1965 scilicet
1795 1893 1997 1968 Catholicae
2014 1920 2057 1966 ac
2074 1892 2210 1967 Graecoe

699 2014 873 2115 oppositis
892 2015 975 2107 &cl
993 2039 1060 2113 pro
1078 2013 1133 2086 sui
1151 2013 1263 2087 seculi
1282 2014 1389 2112 genio
1406 2013 1567 2086 maxime
1583 2011 1870 2109 memorabiles]

567 2247 611 2342 5.
675 2265 957 2341 Cnsouotocm
974 2265 1242 2338 Postremorum
1271 2264 1462 2364 Norvegiae
1482 2264 1639 2363 Regum,
1656 2289 1702 2336 cx
1723 2263 1924 2337 Stemmata
1950 2259 2101 2334 Haraldi
2126 2261 2211 2333 Pul-

528 2383 579 2462 A.
600 2381 651 2462 D.
700 2386 888 2475 chricomi,
914 2385 959 2458 ad
985 2412 1061 2458 rem
1086 2386 1359 2485 diplomaticam
1386 2385 1647 2460 illustrandam.
1698 2385 1859 2468 Auctore
1888 2384 2085 2460 immortali
2110 2383 2211 2456 Ama

700 2508 881 2607 Magnaeo.
914 2507 1210 2607 (Autographum
1227 2507 1418 2598 ineditum,
1436 2508 1592 2602 Latine.)
1637 2506 1789 2605 (Incipit
1806 2533 1826 2580 a
1844 2507 1944 2605 Rege
1961 2504 2115 2578 Hacone
2132 2503 2211 2576 An-

701 2659 802 2722 nos0,
819 2633 857 2706 in
875 2631 1078 2705 Orcadibus
1095 2631 1296 2726 defuncto.)

567 2868 615 2966 6.
677 2883 895 2959 Cotaucrro
911 2880 1206 2980 prestantissima
1222 2880 1435 2953 Poematum
1458 2878 1588 2952 veteris
1612 2877 1874 2962 Scandinavioe,
1892 2891 1928 2950 et
1944 2876 2073 2977 priscae
2095 2904 2137 2951 ac
2157 2903 2212 2950 re-

570 3005 618 3086 A.
702 3006 869 3080 centioris
887 3003 1066 3094 Islandioe,
1084 3031 1177 3102 quae,
1195 3005 1289 3077 inter
1306 3005 1387 3094 alia,
1406 3003 1580 3093 continet,

515 3137 548 3175 ³⁰
584 3114 666 3174 anim
727 3127 757 3199 Ι.
783 3126 955 3200 Poimata
971 3125 1176 3199 vetustioris
1192 3125 1281 3210 aevi;

775 3285 807 3324 a.
833 3249 1025 3325 Haralds
1051 3249 1148 3324 AEvi
1177 3253 1216 3344 (“
1233 3249 1345 3324 vitam
1371 3248 1523 3324 Haraldi
1549 3247 1733 3348 Sigurdini
1761 3249 1953 3349 Norvegiae
1974 3249 2084 3349 Regis
2101 3249 2131 3333 ;”
2157 3275 2210 3322 se-

801 3373 883 3445 culo
906 3359 1069 3446 X1m0'in
1096 3371 1230 3471 Anglia
1251 3370 1382 3470 proelio
1409 3370 1519 3466 cresi.)
1573 3369 1798 3444 Prooemium
1823 3368 1993 3443 carminis
2017 3370 2212 3465 sequentis,

801 3494 1022 3568 rarissimum
1040 3507 1148 3590 atque
1165 3493 1357 3567 ineditum.

775 3627 813 3706 β.
845 3619 932 3692 Pars
966 3618 1077 3692 altera
1111 3615 1273 3715 ejusdem
1305 3618 1488 3707 carminis,
1519 3615 1616 3690 dicta
1652 3615 1834 3690 Utfarar
1873 3615 1986 3715 Saga
2021 3615 2211 3689 Haralds

801 3739 968 3839 Konga,
985 3738 1030 3813 de
1048 3739 1227 3838 Principis
1243 3738 1406 3835 ejusdem
1425 3738 1534 3838 gestis
1551 3739 1645 3812 inter
1662 3737 1900 3836 Byzantinos,
1918 3736 2075 3824 Graecos,
2090 3739 2213 3828 Italos,

800 3865 1005 3955 Africanos,
1034 3864 1231 3938 Saracenos
1254 3877 1292 3937 et
1316 3864 1402 3937 alias
1429 3877 1568 3964 gentes.
1622 3862 1862 3958 (Attribuitur
1886 3866 2003 3963 poetae
2030 3887 2102 3937 sec.
2126 3863 2212 3938 Ilmi.

801 3987 953 4062 Amori
975 3986 999 4058 J
1007 3985 1260 4081 arlaskald.)

681 4109 791 4208 (Sunt
804 4109 966 4183 carmina
982 4110 1105 4184 haecce
1119 4111 1269 4184 omnino
1283 4109 1430 4201 inedita,
1445 4137 1488 4184 ac
1500 4110 1562 4184 vix
1580 4109 1618 4183 in
1635 4111 1709 4183 ulla
1725 4110 1874 4210 publica
1886 4110 2214 4210 manuscriptorum

705 4234 919 4309 collectione
929 4235 1009 4333 jam
1026 4235 1230 4327 existentia,
1247 4237 1309 4311 hic
1326 4237 1595 4310 accuratissime
1613 4237 1773 4337 scripta.)

777 4394 811 4460 γ.
838 4359 933 4435 Ode
958 4387 1036 4434 rara
1056 4387 1099 4434 ac
1118 4374 1271 4451 vetusta,
1288 4360 1334 4434 de
1359 4387 1433 4435 uno
1453 4361 1618 4459 ejusdem
1645 4362 1738 4461 regis
1765 4374 2039 4461 stratagemate;
2067 4361 2213 4438 inedita.

807 4483 908 4581 (Fuit
930 4483 1022 4556 forte
1039 4482 1201 4558 adhibita
1217 4485 1256 4560 in
1273 4485 1426 4576 choreis,
1445 4511 1526 4583 quoe
1543 4485 1630 4558 olim
1647 4485 1687 4558 in
1704 4483 1863 4560 Islandia
1879 4483 2093 4559 Vikivaki
2110 4485 2215 4562 dicta

803 4603 916 4700 sunt)

780 4729 808 4801 l.
834 4727 980 4802 Geisli
1001 4728 1026 4804 i.
1042 4755 1074 4802 e.
1093 4728 1414 4826 jaban—carmen
1436 4729 1547 4805 medii
1570 4732 1638 4805 aevi
1660 4729 1707 4803 de
1730 4685 1837 4804 Olavi
1863 4729 2002 4822 Sancti,
2025 4731 2216 4832 Ncrvcgiae

806 4851 899 4951 regis
917 4851 1145 4948 (sec.X1¹¹²⁰.)
1172 4855 1391 4953 praestantia,
1409 4869 1446 4929 et
1462 4854 1586 4928 multis
1603 4854 1796 4928 mirandis.

781 5009 808 5050 ε.
832 4973 947 5049 Aliud
962 4988 1145 5050 vetustum
1163 5004 1206 5052 ac
1222 5005 1355 5070 rarum,
1371 4979 1417 5053 de
1432 4979 1561 5053 eodem
1582 4991 1707 5053 sancto
1724 5005 1820 5079 rege,
1837 5005 1985 5053 carmen
2002 4978 2191 5054 ineditum.

783 5110 810 5190 ζ.
836 5098 1037 5199 Norvcgs
1055 5099 1277 5202 Konunga
1292 5104 1412 5180 AEviz
1431 5113 1454 5148 “
1468 5104 1564 5178 Vitae
1575 5105 1718 5204 Regum
1732 5105 2051 5206 Norvegicomm.”
2083 5105 2217 5181 Potma
