5134 6534
1432 835 1457 907 4

535 1029 652 1092 ΕΘΠΟ·
725 1038 762 1116 7.
779 1069 811 1110 α.
830 1036 996 1110 Honesta
1013 1036 1208 1126 oemulatm,
1226 1047 1263 1107 et
1279 1035 1445 1134 opposita
1462 1033 1609 1108 invidia.

775 1168 812 1249 β.
840 1161 897 1235 De
914 1159 1062 1259 ingenio
1080 1158 1309 1233 lslandorum
1327 1159 1366 1231 in
1383 1159 1515 1259 speeie,
1533 1174 1570 1232 et
1587 1157 1897 1233 Seandinavorum
1915 1161 1954 1233 in
1972 1186 2113 1259 genere.

727 1287 762 1358 8.
788 1283 978 1359 Fortitudo
994 1296 1157 1356 veterum
1176 1281 1414 1357 lslandorum.

728 1411 763 1482 9.
790 1409 925 1483 Eorum
959 1407 1110 1508 insignis
1142 1406 1276 1480 candor
1305 1420 1343 1479 et
1370 1405 1537 1496 fidelitas,
1569 1405 1695 1506 gentili
1725 1407 1859 1506 partim
1890 1407 2055 1507 religioni
2084 1407 2215 1481 adseri-

753 1532 885 1606 benda.

1154 1727 1473 1804 FASCICULUS
1499 1727 1740 1819 QUINTUS.

680 1877 746 1953 De
752 1877 949 1976 gentilium
961 1875 1182 1950 Borealium
1195 1875 1388 1972 religione,
1402 1875 1644 1972 eoamogonia,
1657 1875 1882 1968 idololotria,
1895 1886 1932 1950 et
1944 1876 2216 1975 magimfistis,

715 2055 777 2112 An·
1274 1999 1564 2090 achonitaribue,
1581 2004 1642 2099 850.

736 2151 841 2224 1-3.
867 2150 978 2225 Varia
994 2149 1040 2223 ad
1057 2150 1283 2250 religionem,
1297 2151 1469 2250 magiam,
1488 2152 1555 2223 &a
1574 2151 1787 2250 spectantia.

731 2278 767 2346 4.
793 2275 851 2348 De
867 2273 968 2347 festis
986 2287 1022 2348 et
1040 2275 1316 2348 solennitatibus
1334 2275 1606 2365 convivialibuS,
1624 2288 1700 2348 tam
1719 2275 1827 2348 sacris
1845 2300 1954 2372 quarn
1972 2273 2144 2374 profanis.

731 2402 767 2490 5,
786 2401 820 2472 6.
847 2400 904 2473 De
929 2398 1119 2497 gentilium
1146 2397 1457 2472 Scandinavorum
1484 2425 1526 2471 ac
1549 2398 1777 2474 lslandorum
1804 2399 2063 2498 hospitalitate,
2087 2413 2220 2473 tessera

756 2523 940 2623 hospitali,
958 2550 1000 2596 ac
1016 2522 1182 2623 pluribus
1200 2522 1274 2595 huc
1290 2522 1568 2622 pertinentibus.

732 2645 756 2726 7
760 2704 768 2719 .
795 2648 853 2720 De
870 2659 1044 2746 computo
1062 2647 1147 2719 anni
1165 2645 1262 2745 apud
1278 2659 1428 2720 veteres.

1181 2843 1499 2920 FASCICULUS
1526 2844 1726 2919 SEXTUS.

683 2992 750 3067 De
762 2993 975 3092 priscorum
992 2991 1311 3066 Scandiaeeorum
1335 2991 1446 3082 ludia,
1463 2993 1661 3081 exercitiis,
1680 2991 1843 3078 cimeliis,
1866 2992 2010 3078 vestitu,
2034 2992 2165 3067 militia
2188 3005 2224 3068 et

720 3171 782 3228 Art.
1389 3142 1516 3192 armas.

739 3269 771 3358 l,
788 3270 823 3341 2.
850 3268 906 3340 De
932 3268 1039 3358 ludis,
1066 3269 1293 3367 spectaculis,
1320 3281 1357 3341 et
1381 3269 1574 3358 exercitiis,
1600 3267 1639 3340 in
1665 3267 1805 3358 Svecia,
1829 3267 2023 3368 Norvegia,
2046 3269 2165 3342 Dania
2188 3283 2225 3342 et

760 3390 929 3465 lslandia.

735 3519 771 3588 3.
799 3515 967 3605 Cimelia,
986 3514 1059 3588 sive
1078 3541 1133 3587 res
1150 3517 1327 3614 pretiosae,
1345 3515 1384 3587 in
1402 3515 1559 3612 antiquis
1577 3515 1735 3588 historiis
1754 3528 1973 3588 memoratae.

733 3643 770 3712 4.
797 3641 854 3714 De
871 3639 1003 3712 vestitu
1021 3639 1212 3738 gentilium
1231 3639 1484 3738 Norvegorum
1502 3652 1539 3710 et
1556 3638 1795 3712 lslandorum.

735 3767 772 3854 5,
790 3766 825 3837 6.
851 3763 1015 3863 Ingenia,
1033 3762 1216 3852 exercitia,
1235 3777 1271 3836 et
1289 3789 1388 3836 arma
1409 3762 1597 3847 militaria;
1627 3763 1715 3835 item
1733 3761 1778 3835 de
1795 3762 2001 3862 xylosoleis,
2018 3763 2222 3854 venatione,

761 3904 798 3960 et
840 3888 864 3959 l.

722 4039 783 4096 Art.
813 3915 839 3987 p
1154 3983 1474 4060 FASCICULUS
1499 3984 1761 4060 SEPTIMUS.

742 4138 872 4208 1-23.
900 4136 1080 4212 Collectio
1104 4135 1327 4235 amplissima
1349 4135 1512 4208 locorum
1539 4136 1843 4226 memorabilium,
1861 4162 1881 4208 e
1898 4136 2047 4209 vetustis
2064 4136 2225 4211 lslando-

763 4284 844 4329 rum
861 4257 1019 4330 historiis
1036 4272 1219 4355 excerpta,
1237 4254 1283 4328 ad
1303 4282 1430 4328 omnes
1453 4256 1616 4329 Borealis
1640 4255 1885 4354 archaeologiae
1902 4267 2021 4352 partes
2039 4267 2224 4353 spectans;

764 4395 805 4453 ut
827 4380 1018 4453 hominum
1040 4379 1208 4468 formam,
1225 4379 1331 4468 vires,
1349 4379 1495 4479 ingenia
1512 4393 1548 4451 et
1566 4406 1696 4469 mores,
1716 4395 1880 4452 veterum
1903 4376 2225 4471 Scandinavorum,

764 4521 801 4578 et
834 4504 1061 4579 Islandorum
1095 4503 1291 4603 praecipue,
1322 4503 1548 4601 religionem,
1581 4529 1692 4592 sacra,
1728 4501 2011 4601 superstitiones,
2046 4505 2225 4598 scientias,

765 4629 978 4727 scripturam
1013 4627 1207 4716 Runicam,
1243 4625 1428 4725 politicen,
1453 4625 1791 4726 jurisprudentiam,
1821 4625 1931 4724 leges,
1957 4624 2103 4718 ordalia,
2126 4630 2226 4727 jura-

765 4761 900 4839 menta,
927 4749 1108 4848 homagia,
1135 4747 1254 4837 feuda,
1285 4748 1443 4836 comitia,
1474 4746 1680 4847 dignitates,
1710 4746 1944 4836 ceremonias,
1969 4747 2164 4822 liberorum
2191 4766 2227 4825 et

766 4896 948 4946 servorum
980 4870 1238 4961 conditionem,
1265 4871 1508 4944 oeconomiam
1541 4871 1697 4944 ruralem
1730 4884 1767 4942 et
1797 4869 2047 4964 domesticam,
2073 4873 2225 4972 legalem

765 5019 966 5096 pauperum
999 4993 1309 5084 sustentationem,
1341 5007 1593 5084 mercaturam,
1619 4995 1820 5094 vectigalia,
1847 4995 2128 5094 navigationem,
2153 5001 2227 5097 pis-

767 5133 940 5209 caturam,
969 5118 1171 5218 piraticam,
1199 5117 1364 5208 aedificia,
1393 5118 1633 5209 munimenta,
1665 5118 1846 5209 militiam,
1868 5119 2091 5210 venationes,
2122 5137 2226 5217 artes,
