5134 6534
1108 825 1133 897 5

429 1041 641 1118 conventus,
673 1026 837 1100 convivia
868 1039 905 1099 et
935 1025 1052 1114 ludoS,
1077 1025 1261 1113 vestitum,
1293 1037 1473 1114 omatum,
1500 1051 1610 1114 arma,
1635 1027 1753 1116 tubas,
1783 1038 1888 1099 uten-
1915 1023 2031 1086 Fom-

430 1152 521 1242 silia,
538 1153 680 1242 balnea,
694 1149 876 1250 conjugia,
891 1149 1067 1240 sodalitia,
1082 1148 1302 1223 medicinam
1317 1161 1353 1221 et
1365 1149 1552 1239 veneficia,
1567 1149 1755 1249 supplicia,
1769 1151 1888 1250 sepul-

429 1292 561 1367 turam,
579 1290 616 1349 et
632 1277 705 1376 pl.:
734 1301 818 1349 cum
836 1273 955 1348 indice
973 1275 1146 1347 continuo
1163 1273 1364 1373 marginali.

404 1403 463 1475 24.
489 1402 755 1476 Annotationes
772 1399 817 1473 ad
840 1399 1019 1499 Procopii,
1035 1400 1058 1473 J
1060 1398 1241 1488 ornandis,
1259 1397 1362 1471 Pauli
1377 1396 1609 1487 warnefridi,
1627 1411 1664 1470 et
1679 1398 1731 1498 pl.
1748 1397 1889 1470 relatio-

430 1553 493 1600 nes
511 1525 556 1598 de
569 1525 749 1599 veteribus
764 1523 909 1614 Gothis,
921 1523 1108 1614 Vandalis
1122 1521 1381 1622 longobardis,
1395 1536 1432 1594 et
1445 1523 1607 1622 cognatis
1620 1521 1778 1622 populis,
1793 1524 1889 1622 (par-

429 1650 495 1724 tim
514 1648 633 1748 quoad
649 1649 821 1749 parallela
837 1647 1127 1744 Scandinavica.)

825 1846 1143 1922 FASCICULUS
1170 1846 1420 1922 OCTAVUS.

389 2049 450 2105 Art.
742 1991 997 2090 Antiquitates
1012 1990 1192 2065 militares
1208 2001 1311 2065 terra
1328 1990 1506 2088 marique.

410 2144 441 2215 l.
467 2143 524 2216 De
542 2142 688 2216 militari
704 2143 882 2216 Veterum
900 2141 1180 2232 Germanorum,
1196 2141 1394 2230 Thracum,
1412 2155 1449 2214 et
1464 2144 1515 2240 pl.

406 2268 514 2340 2—5.
541 2269 598 2341 De
625 2267 755 2340 militia
779 2266 980 2366 priscorum
1006 2264 1329 2352 Scandinavorum,
1346 2265 1547 2365 praesertim
1573 2291 1697 2338 eorum
1720 2264 1839 2353 armis,
1857 2280 1894 2338 et

431 2404 604 2491 apparatu
626 2391 770 2480 bellico,
786 2390 988 2479 tormentis,
1006 2390 1158 2463 navibus
1183 2389 1353 2478 classicis
1377 2389 1659 2489 oppugnationis
1680 2402 1716 2462 et
1739 2389 1894 2462 obsidio-

431 2515 487 2588 nis
505 2515 633 2606 modis,
652 2514 977 2614 stratagematibus,
995 2516 1061 2587 &a

408 2637 442 2709 6.
469 2637 525 2710 De
542 2636 768 2726 eorumdem,
785 2650 822 2710 et
837 2637 998 2737 plurium
1016 2636 1209 2725 exercitiis,
1227 2651 1264 2711 et
1281 2637 1428 2710 artibus.

356 2762 449 2836 Tota
471 2762 594 2836 hoecce
617 2763 684 2836 viri
709 2761 932 2835 celeberrimi
957 2762 1192 2862 autographa,
1212 2763 1356 2836 unicam
1382 2776 1419 2835 et
1444 2762 1617 2836 ineditam
1642 2763 1893 2837 collectionem

405 2887 576 2960 formant.

358 3130 582 3204 Docnssrm
604 3131 847 3231 Archaeologi,
868 3130 1051 3204 Gunnaris
1069 3131 1184 3221 Pauli,
1202 3133 1388 3232 Praepositi
1412 3133 1595 3223 lslandici,
1612 3133 1892 3208 Observationes
1956 3109 2002 3206 2.

383 3253 421 3324 in
439 3253 553 3326 celeb.
580 3253 809 3352 Schoeningii
828 3252 999 3352 Origines
1016 3254 1334 3354 septentrionales.
1362 3255 1657 3355 (Autographum
1676 3253 1881 3351 ineditum.)
1919 3246 1969 3327 B.
1990 3246 2042 3328 D.

359 3502 589 3578 Responsum
616 3501 828 3601 Interpretis
852 3499 1039 3598 cujusdam
1066 3500 1191 3591 Eddae,
1216 3515 1253 3575 et
1278 3502 1587 3577 Commentatoris
1611 3504 1762 3603 nuperi:
1788 3527 1825 3576 a.
1850 3502 1895 3575 de
1954 3484 2001 3580 3.

384 3627 589 3700 auctoribus
615 3628 802 3724 utriusque
827 3625 963 3712 Edda;
990 3624 1024 3699 b.
1051 3626 1096 3699 de
1123 3628 1271 3700 nomine
1297 3627 1424 3714 Edda;
1451 3653 1482 3701 c.
1509 3628 1554 3701 de
1580 3628 1814 3728 argumentis,
1832 3653 1894 3699 seu
1917 3619 1969 3700 Β.
1990 3618 2042 3700 Ι).

384 3747 575 3836 contentis,
586 3747 774 3844 utriusque
784 3746 911 3837 Eddae,
922 3761 1029 3845 atque
1043 3774 1167 3822 earum
1181 3762 1345 3823 veterum
1360 3749 1688 3823 additamentorum
1702 3761 1739 3822 et
1751 3748 1802 3848 pl.
1828 3748 1896 3821 La-

382 3865 477 3950 tine;
495 3865 656 3939 Auctore
673 3868 805 3941 celebri
819 3867 1072 3967 ArcbaeologO,
1083 3869 1253 3943 Johanne
1271 3870 1402 3944 Olavio
1415 3870 1724 3958 Grunnavicense‚
1738 3869 1897 3959 Islando,

324 4055 331 4076 Ι
385 3987 552 4084 seniore.)
591 3989 889 4089 (Autographum
906 3990 1116 4089 ineditum.)
1275 3989 1280 4000 '

359 4235 543 4311 Esusnan
570 4237 785 4335 Disquisitio
811 4238 856 4312 de
885 4239 1072 4332 codicillis,
1100 4243 1158 4315 vel
1186 4244 1296 4316 literis
1324 4245 1494 4342 antiquis,
1518 4272 1597 4344 quae
1620 4245 1730 4344 vulgo
1754 4245 1894 4318 Breve
1955 4235 2002 4330 4

387 4360 427 4458 (i.
449 4385 480 4432 e.
503 4359 740 4460 Drplomata)
770 4378 964 4437 vocantur:
999 4365 1172 4439 nimirum
1197 4366 1241 4439 de
1268 4394 1391 4441 earum
1418 4369 1578 4468 historia,
1607 4397 1687 4460 usu,
1713 4383 1750 4442 et
1775 4367 1895 4468 dispo-
1959 4370 2007 4451 Β,

386 4480 515 4554 sitione
547 4481 700 4576 (scilicet
728 4486 888 4572 materia,
914 4487 1108 4577 literatura,
1136 4489 1308 4580 numeris,
1338 4489 1475 4589 sigillis,
1505 4490 1695 4563 atramenti
1725 4487 1895 4562 Islandici

385 4605 603 4703 praestantia,
620 4607 794 4681 methodo
820 4609 1025 4710 colligendi,
1050 4611 1279 4712 disponendi,
1304 4627 1341 4686 et
1365 4612 1635 4713 compingendi,
1659 4612 1778 4685 literas
1803 4612 1895 4683 anti-

386 4727 541 4826 quiores,
555 4730 639 4826 διο.)
669 4731 965 4832 (Autographum
979 4733 1169 4827 ineditum,
1183 4755 1290 4834 atque
1305 4737 1453 4810 unicum
1465 4735 1557 4810 forte
1568 4737 1648 4833 jam
1662 4735 1819 4809 existens
1833 4760 1895 4807 ex-

386 4853 540 4952 emplar)
562 4854 730 4949 (Danice,
748 4881 832 4930 cum
850 4859 1003 4958 margin.
1023 4860 1157 4956 Latin.)
1212 4863 1317 4960 [Fuit
1342 4878 1467 4936 auctor
1492 4863 1717 4964 superiorum
1740 4862 1892 4935 duomm

387 4975 602 5076 scriptorum
626 4977 859 5054 celeberrimo
875 4982 986 5055 Arnae
1003 4983 1174 5083 Magnaeo
1195 5012 1216 5059 a
1240 4987 1396 5078 secretis,
1414 5002 1450 5060 et
1472 4989 1611 5086 primus
1629 4989 1741 5088 ipsius
1758 4986 1804 5061 ad
1822 4986 1896 5062 Co-

387 5097 484 5172 dices
510 5113 646 5175 veteres
672 5101 831 5176 boreales
859 5106 1134 5199 conservandos,
1161 5123 1198 5182 et
1224 5110 1458 5211 explicandos
1486 5112 1594 5211 legati
1621 5109 1893 5211 Stipendiarius.
