<?xml version="1.0" encoding="UTF-8"?>
<!DOCTYPE html PUBLIC "-//W3C//DTD XHTML 1.0 Transitional//EN"
    "http://www.w3.org/TR/xhtml1/DTD/xhtml1-transitional.dtd">
<html xmlns="http://www.w3.org/1999/xhtml" xml:lang="en" lang="en">
 <head>
  <title>
</title>
<meta http-equiv="Content-Type" content="text/html;charset=utf-8" />
  <meta name='ocr-system' content='tesseract 3.04.00' />
  <meta name='ocr-capabilities' content='ocr_page ocr_carea ocr_par ocr_line ocrx_word'/>
</head>
<body>
  <div class='ocr_page' id='page_1' title='image "./cataloguscritic00librgoog_0040.png"; bbox 0 0 5134 6534; ppageno 0'>
   <div class='ocr_carea' id='block_1_1' title="bbox 1090 843 1140 917">
    <p class='ocr_par' dir='ltr' id='par_1_1' title="bbox 1090 843 1140 917">
     <span class='ocr_line' id='line_1_1' title="bbox 1090 843 1140 917; baseline -0.02 0"><span class='ocrx_word' id='word_1_1' title='bbox 1090 843 1140 917; x_wconf 76' lang='lat'>31</span> 
     </span>
    </p>
   </div>
   <div class='ocr_carea' id='block_1_2' title="bbox 392 1207 2048 1438">
    <p class='ocr_par' dir='ltr' id='par_1_2' title="bbox 392 1207 2048 1438">
     <span class='ocr_line' id='line_1_2' title="bbox 392 1207 2048 1338; baseline 0.005 -56"><span class='ocrx_word' id='word_1_2' title='bbox 392 1207 463 1282; x_wconf 77' lang='lat' dir='ltr'>Aa</span> <span class='ocrx_word' id='word_1_3' title='bbox 477 1207 660 1284; x_wconf 78' lang='lat' dir='ltr'>lalundiae</span> <span class='ocrx_word' id='word_1_4' title='bbox 677 1221 714 1285; x_wconf 83' lang='lat' dir='ltr'>et</span> <span class='ocrx_word' id='word_1_5' title='bbox 733 1210 991 1288; x_wconf 80' lang='lat' dir='ltr'>Groenlunclioe</span> <span class='ocrx_word' id='word_1_6' title='bbox 1008 1211 1208 1311; x_wconf 76' lang='lat' dir='ltr'>Physicam</span> <span class='ocrx_word' id='word_1_7' title='bbox 1225 1226 1262 1290; x_wconf 83' lang='lat' dir='ltr'>et</span> <span class='ocrx_word' id='word_1_8' title='bbox 1277 1215 1473 1291; x_wconf 81' lang='lat' dir='ltr'>Politieam</span> <span class='ocrx_word' id='word_1_9' title='bbox 1491 1217 1785 1318; x_wconf 73' lang='lat' dir='ltr'>Deserrptionem</span> <span class='ocrx_word' id='word_1_10' title='bbox 1805 1247 1851 1297; x_wconf 84' lang='lat' dir='ltr'>ae</span> <span class='ocrx_word' id='word_1_11' title='bbox 1895 1229 2048 1338; x_wconf 69' lang='lat' dir='ltr'>Quaero.</span> 
     </span>
     <span class='ocr_line' id='line_1_3' title="bbox 916 1337 1314 1438; baseline 0.01 -26"><span class='ocrx_word' id='word_1_12' title='bbox 916 1337 1062 1412; x_wconf 81' lang='lat' dir='ltr'><em>Statum</em></span> <span class='ocrx_word' id='word_1_13' title='bbox 1077 1339 1314 1438; x_wconf 76' lang='lat' dir='ltr'>pertinentia.</span> 
     </span>
    </p>
   </div>
   <div class='ocr_carea' id='block_1_3' title="bbox 351 1532 2032 2872">
    <p class='ocr_par' dir='ltr' id='par_1_3' title="bbox 351 1532 2032 2872">
     <span class='ocr_line' id='line_1_4' title="bbox 351 1532 2011 1642; baseline 0.007 -36"><span class='ocrx_word' id='word_1_14' title='bbox 351 1532 411 1606; x_wconf 81' lang='lat' dir='ltr'>Du</span> <span class='ocrx_word' id='word_1_15' title='bbox 432 1533 663 1608; x_wconf 88' lang='lat' dir='ltr'>Mirabilibus</span> <span class='ocrx_word' id='word_1_16' title='bbox 687 1534 853 1608; x_wconf 81' lang='lat' dir='ltr'>lslandiae</span> <span class='ocrx_word' id='word_1_17' title='bbox 879 1535 968 1630; x_wconf 84' lang='lat' dir='ltr'>(sive</span> <span class='ocrx_word' id='word_1_18' title='bbox 986 1534 1158 1610; x_wconf 85' lang='lat' dir='ltr'>Historiae</span> <span class='ocrx_word' id='word_1_19' title='bbox 1175 1537 1359 1611; x_wconf 89' lang='lat' dir='ltr'>Naturalis</span> <span class='ocrx_word' id='word_1_20' title='bbox 1380 1539 1512 1612; x_wconf 73' lang='lat' dir='ltr'>Insulae</span> <span class='ocrx_word' id='word_1_21' title='bbox 1536 1538 1641 1614; x_wconf 85' lang='lat' dir='ltr'>dictoe</span> <span class='ocrx_word' id='word_1_22' title='bbox 1664 1542 1882 1642; x_wconf 83' lang='lat' dir='ltr'>Tentamen)</span> <span class='ocrx_word' id='word_1_23' title='bbox 1929 1534 2011 1633; x_wconf 86' lang='grc'>84</span> 
     </span>
     <span class='ocr_line' id='line_1_5' title="bbox 375 1656 2032 1766; baseline 0.008 -37"><span class='ocrx_word' id='word_1_24' title='bbox 375 1656 504 1730; x_wconf 83' lang='lat' dir='ltr'><strong>Latine</strong></span> <span class='ocrx_word' id='word_1_25' title='bbox 522 1659 696 1759; x_wconf 90' lang='lat' dir='ltr'>scriptum</span> <span class='ocrx_word' id='word_1_26' title='bbox 716 1660 906 1734; x_wconf 85' lang='lat' dir='ltr'>1638-ab</span> <span class='ocrx_word' id='word_1_27' title='bbox 918 1659 1119 1733; x_wconf 84' lang='lat' dir='ltr'>Annalium</span> <span class='ocrx_word' id='word_1_28' title='bbox 1137 1686 1256 1761; x_wconf 90' lang='lat' dir='ltr'>supra,</span> <span class='ocrx_word' id='word_1_29' title='bbox 1272 1662 1339 1734; x_wconf 90' lang='lat' dir='ltr'>sub</span> <span class='ocrx_word' id='word_1_30' title='bbox 1356 1663 1420 1735; x_wconf 63' lang='grc' dir='ltr'>ΝΟ.</span> <span class='ocrx_word' id='word_1_31' title='bbox 1434 1665 1484 1736; x_wconf 92' lang='grc'>50</span> <span class='ocrx_word' id='word_1_32' title='bbox 1498 1676 1535 1737; x_wconf 91' lang='lat' dir='ltr'>et</span> <span class='ocrx_word' id='word_1_33' title='bbox 1547 1665 1591 1737; x_wconf 87' lang='lat'>51</span> <span class='ocrx_word' id='word_1_34' title='bbox 1610 1665 1885 1766; x_wconf 89' lang='lat' dir='ltr'>descriptorum,</span> <span class='ocrx_word' id='word_1_35' title='bbox 1913 1671 1960 1753; x_wconf 91' lang='lat' dir='ltr'>B.</span> <span class='ocrx_word' id='word_1_36' title='bbox 1981 1672 2032 1753; x_wconf 78' lang='lat' dir='ltr'>D,</span> 
     </span>
     <span class='ocr_line' id='line_1_6' title="bbox 374 1781 1885 1890; baseline 0.008 -34"><span class='ocrx_word' id='word_1_37' title='bbox 374 1782 534 1858; x_wconf 83' lang='lat' dir='ltr'><strong>Auctore</strong></span> <span class='ocrx_word' id='word_1_38' title='bbox 561 1781 685 1857; x_wconf 87' lang='lat' dir='ltr'>Gislao</span> <span class='ocrx_word' id='word_1_39' title='bbox 712 1781 823 1874; x_wconf 90' lang='lat' dir='ltr'>Oddi,</span> <span class='ocrx_word' id='word_1_40' title='bbox 852 1783 1036 1884; x_wconf 87' lang='lat' dir='ltr'>Episcopo</span> <span class='ocrx_word' id='word_1_41' title='bbox 1066 1784 1319 1858; x_wconf 87' lang='lat' dir='ltr'>Scalholtensi.</span> <span class='ocrx_word' id='word_1_42' title='bbox 1378 1787 1660 1890; x_wconf 86' lang='lat' dir='ltr'>Autographum</span> <span class='ocrx_word' id='word_1_43' title='bbox 1693 1792 1885 1886; x_wconf 89' lang='lat' dir='ltr'>ineditum,</span> 
     </span>
     <span class='ocr_line' id='line_1_7' title="bbox 374 1902 1886 2013; baseline 0.008 -37"><span class='ocrx_word' id='word_1_44' title='bbox 374 1917 482 2002; x_wconf 85' lang='lat' dir='ltr'>atque</span> <span class='ocrx_word' id='word_1_45' title='bbox 506 1903 656 1978; x_wconf 90' lang='lat' dir='ltr'>unicum</span> <span class='ocrx_word' id='word_1_46' title='bbox 678 1902 770 1977; x_wconf 88' lang='lat' dir='ltr'>forte</span> <span class='ocrx_word' id='word_1_47' title='bbox 793 1904 872 2001; x_wconf 89' lang='lat' dir='ltr'>jam</span> <span class='ocrx_word' id='word_1_48' title='bbox 903 1904 1061 1978; x_wconf 82' lang='lat' dir='ltr'>existens</span> <span class='ocrx_word' id='word_1_49' title='bbox 1092 1907 1289 2005; x_wconf 82' lang='lat' dir='ltr'>exemplar.</span> <span class='ocrx_word' id='word_1_50' title='bbox 1342 1907 1502 1982; x_wconf 87' lang='lat' dir='ltr'>Laudata</span> <span class='ocrx_word' id='word_1_51' title='bbox 1532 1910 1767 2013; x_wconf 85' lang='lat' dir='ltr'>Sciagraphia</span> <span class='ocrx_word' id='word_1_52' title='bbox 1798 1915 1886 1988; x_wconf 91' lang='lat' dir='ltr'>His-</span> 
     </span>
     <span class='ocr_line' id='line_1_8' title="bbox 372 2027 1885 2131; baseline 0.009 -32"><span class='ocrx_word' id='word_1_53' title='bbox 372 2027 472 2100; x_wconf 87' lang='lat' dir='ltr'>toriae</span> <span class='ocrx_word' id='word_1_54' title='bbox 499 2027 680 2102; x_wconf 85' lang='lat' dir='ltr'>Literariae</span> <span class='ocrx_word' id='word_1_55' title='bbox 705 2028 871 2102; x_wconf 80' lang='lat' dir='ltr'>Islandiae</span> <span class='ocrx_word' id='word_1_56' title='bbox 901 2031 997 2129; x_wconf 88' lang='lat' dir='ltr'>(pag.</span> <span class='ocrx_word' id='word_1_57' title='bbox 1026 2031 1109 2125; x_wconf 85' lang='grc'><strong>168)</strong></span> <span class='ocrx_word' id='word_1_58' title='bbox 1139 2031 1303 2104; x_wconf 90' lang='lat' dir='ltr'>nominat</span> <span class='ocrx_word' id='word_1_59' title='bbox 1326 2030 1526 2107; x_wconf 85' lang='lat' dir='ltr'>Auctorem</span> <span class='ocrx_word' id='word_1_60' title='bbox 1554 2034 1663 2131; x_wconf 88' lang='lat' dir='ltr'>hujus</span> <span class='ocrx_word' id='word_1_61' title='bbox 1689 2037 1770 2112; x_wconf 82' lang='lat' dir='ltr'>libri</span> <span class='ocrx_word' id='word_1_62' title='bbox 1798 2037 1885 2113; x_wconf 88' lang='lat' dir='ltr'>His-</span> 
     </span>
     <span class='ocr_line' id='line_1_9' title="bbox 372 2149 1884 2257; baseline 0.006 -35"><span class='ocrx_word' id='word_1_63' title='bbox 372 2149 473 2224; x_wconf 86' lang='lat' dir='ltr'>toriae</span> <span class='ocrx_word' id='word_1_64' title='bbox 502 2150 685 2224; x_wconf 87' lang='lat' dir='ltr'>Naturalis</span> <span class='ocrx_word' id='word_1_65' title='bbox 719 2149 929 2250; x_wconf 84' lang='lat' dir='ltr'>diligentem</span> <span class='ocrx_word' id='word_1_66' title='bbox 959 2164 1206 2242; x_wconf 85' lang='lat' dir='ltr'>scrutatorem,</span> <span class='ocrx_word' id='word_1_67' title='bbox 1236 2152 1299 2225; x_wconf 90' lang='lat' dir='ltr'>sed</span> <span class='ocrx_word' id='word_1_68' title='bbox 1328 2153 1470 2227; x_wconf 92' lang='lat' dir='ltr'>nullum</span> <span class='ocrx_word' id='word_1_69' title='bbox 1500 2155 1572 2227; x_wconf 92' lang='lat' dir='ltr'>tale</span> <span class='ocrx_word' id='word_1_70' title='bbox 1602 2155 1679 2251; x_wconf 90' lang='lat' dir='ltr'>ejus</span> <span class='ocrx_word' id='word_1_71' title='bbox 1710 2158 1884 2257; x_wconf 87' lang='lat' dir='ltr'>scriptum</span> 
     </span>
     <span class='ocr_line' id='line_1_10' title="bbox 373 2274 1886 2376; baseline 0.005 -30"><span class='ocrx_word' id='word_1_72' title='bbox 373 2289 647 2364; x_wconf 88' lang='lat' dir='ltr'>commemorat,</span> <span class='ocrx_word' id='word_1_73' title='bbox 673 2301 791 2373; x_wconf 90' lang='lat' dir='ltr'>neque</span> <span class='ocrx_word' id='word_1_74' title='bbox 817 2274 928 2374; x_wconf 89' lang='lat' dir='ltr'>ipsius</span> <span class='ocrx_word' id='word_1_75' title='bbox 961 2274 1110 2366; x_wconf 88' lang='lat' dir='ltr'>ibidem,</span> <span class='ocrx_word' id='word_1_76' title='bbox 1140 2277 1233 2349; x_wconf 89' lang='lat' dir='ltr'>inter</span> <span class='ocrx_word' id='word_1_77' title='bbox 1263 2277 1512 2376; x_wconf 89' lang='lat' dir='ltr'>Descriptores</span> <span class='ocrx_word' id='word_1_78' title='bbox 1543 2277 1722 2369; x_wconf 85' lang='lat' dir='ltr'>Islandioe,</span> <span class='ocrx_word' id='word_1_79' title='bbox 1749 2281 1886 2354; x_wconf 90' lang='lat' dir='ltr'>mentio</span> 
     </span>
     <span class='ocr_line' id='line_1_11' title="bbox 373 2397 1886 2499; baseline 0.003 -29"><span class='ocrx_word' id='word_1_80' title='bbox 373 2399 427 2470; x_wconf 89' lang='lat' dir='ltr'>fit.</span> <span class='ocrx_word' id='word_1_81' title='bbox 487 2397 625 2471; x_wconf 84' lang='lat' dir='ltr'>Vereor</span> <span class='ocrx_word' id='word_1_82' title='bbox 660 2409 781 2471; x_wconf 88' lang='lat' dir='ltr'>autem</span> <span class='ocrx_word' id='word_1_83' title='bbox 815 2425 862 2470; x_wconf 92' lang='lat' dir='ltr'>ne</span> <span class='ocrx_word' id='word_1_84' title='bbox 895 2399 987 2471; x_wconf 93' lang='lat' dir='ltr'>liber</span> <span class='ocrx_word' id='word_1_85' title='bbox 1019 2398 1124 2472; x_wconf 83' lang='lat' dir='ltr'>hicce</span> <span class='ocrx_word' id='word_1_86' title='bbox 1155 2399 1194 2472; x_wconf 90' lang='lat' dir='ltr'>in</span> <span class='ocrx_word' id='word_1_87' title='bbox 1232 2399 1410 2499; x_wconf 84' lang='lat' dir='ltr'>Catalogo</span> <span class='ocrx_word' id='word_1_88' title='bbox 1443 2399 1646 2478; x_wconf 86' lang='lat' dir='ltr'>Reseniano</span> <span class='ocrx_word' id='word_1_89' title='bbox 1684 2402 1770 2494; x_wconf 86' lang='lat' dir='ltr'>(sec.</span> <span class='ocrx_word' id='word_1_90' title='bbox 1798 2404 1842 2482; x_wconf 88' lang='lat'>17</span> <span class='ocrx_word' id='word_1_91' title='bbox 1844 2417 1886 2451; x_wconf 87' lang='lat'>¹¹¹⁰</span> 
     </span>
     <span class='ocr_line' id='line_1_12' title="bbox 373 2519 1885 2622; baseline 0.005 -29"><span class='ocrx_word' id='word_1_92' title='bbox 373 2519 590 2612; x_wconf 86' lang='lat' dir='ltr'>Havniensi)</span> <span class='ocrx_word' id='word_1_93' title='bbox 613 2521 708 2622; x_wconf 88' lang='lat' dir='ltr'>patri</span> <span class='ocrx_word' id='word_1_94' title='bbox 728 2520 855 2612; x_wconf 87' lang='lat' dir='ltr'>Gislai,</span> <span class='ocrx_word' id='word_1_95' title='bbox 873 2521 982 2597; x_wconf 94' lang='lat' dir='ltr'>Oddo</span> <span class='ocrx_word' id='word_1_96' title='bbox 1005 2523 1095 2621; x_wconf 89' lang='lat' dir='ltr'>(sive</span> <span class='ocrx_word' id='word_1_97' title='bbox 1113 2522 1258 2619; x_wconf 89' lang='lat' dir='ltr'>Ottoni)</span> <span class='ocrx_word' id='word_1_98' title='bbox 1283 2524 1438 2615; x_wconf 89' lang='lat' dir='ltr'>Einaris,</span> <span class='ocrx_word' id='word_1_99' title='bbox 1460 2524 1625 2598; x_wconf 85' lang='lat' dir='ltr'>similiter</span> <span class='ocrx_word' id='word_1_100' title='bbox 1644 2525 1885 2600; x_wconf 86' lang='lat' dir='ltr'>Scalholtensi</span> 
     </span>
     <span class='ocr_line' id='line_1_13' title="bbox 372 2644 1885 2747; baseline 0.004 -29"><span class='ocrx_word' id='word_1_101' title='bbox 372 2644 568 2746; x_wconf 86' lang='lat' dir='ltr'>Episcopo,</span> <span class='ocrx_word' id='word_1_102' title='bbox 583 2672 774 2746; x_wconf 86' lang='lat' dir='ltr'>perperam</span> <span class='ocrx_word' id='word_1_103' title='bbox 792 2647 838 2720; x_wconf 91' lang='lat' dir='ltr'>sit</span> <span class='ocrx_word' id='word_1_104' title='bbox 858 2646 1070 2747; x_wconf 88' lang='lat' dir='ltr'>adscriptus,</span> <span class='ocrx_word' id='word_1_105' title='bbox 1096 2659 1137 2720; x_wconf 92' lang='lat' dir='ltr'>ut</span> <span class='ocrx_word' id='word_1_106' title='bbox 1161 2659 1197 2719; x_wconf 92' lang='lat' dir='ltr'>et</span> <span class='ocrx_word' id='word_1_107' title='bbox 1219 2647 1409 2722; x_wconf 89' lang='lat' dir='ltr'>Tractatus</span> <span class='ocrx_word' id='word_1_108' title='bbox 1434 2647 1480 2719; x_wconf 93' lang='lat' dir='ltr'>de</span> <span class='ocrx_word' id='word_1_109' title='bbox 1503 2647 1674 2739; x_wconf 85' lang='lat' dir='ltr'>lslandia,</span> <span class='ocrx_word' id='word_1_110' title='bbox 1695 2650 1757 2746; x_wconf 93' lang='lat' dir='ltr'>qui</span> <span class='ocrx_word' id='word_1_111' title='bbox 1775 2651 1885 2724; x_wconf 88' lang='lat' dir='ltr'>etiam</span> 
     </span>
     <span class='ocr_line' id='line_1_14' title="bbox 372 2771 1884 2872; baseline 0.003 -28"><span class='ocrx_word' id='word_1_112' title='bbox 372 2771 548 2871; x_wconf 86' lang='lat' dir='ltr'>posterius</span> <span class='ocrx_word' id='word_1_113' title='bbox 574 2771 725 2843; x_wconf 91' lang='lat' dir='ltr'>omnino</span> <span class='ocrx_word' id='word_1_114' title='bbox 749 2772 893 2870; x_wconf 86' lang='lat' dir='ltr'>ignotus</span> <span class='ocrx_word' id='word_1_115' title='bbox 919 2772 1140 2872; x_wconf 88' lang='lat' dir='ltr'>permansit;</span> <span class='ocrx_word' id='word_1_116' title='bbox 1175 2772 1262 2868; x_wconf 89' lang='lat' dir='ltr'>(vid.</span> <span class='ocrx_word' id='word_1_117' title='bbox 1287 2774 1312 2845; x_wconf 93' lang='grc'>1.</span> <span class='ocrx_word' id='word_1_118' title='bbox 1336 2799 1368 2845; x_wconf 90' lang='lat' dir='ltr'>c.</span> <span class='ocrx_word' id='word_1_119' title='bbox 1391 2799 1475 2872; x_wconf 84' lang='lat' dir='ltr'>pag.</span> <span class='ocrx_word' id='word_1_120' title='bbox 1502 2773 1599 2867; x_wconf 87' lang='lat'>148.)</span> <span class='ocrx_word' id='word_1_121' title='bbox 1652 2773 1745 2848; x_wconf 70' lang='lat' dir='ltr'>Haec</span> <span class='ocrx_word' id='word_1_122' title='bbox 1771 2777 1884 2848; x_wconf 87' lang='lat' dir='ltr'>nostri</span> 
     </span>
    </p>
   </div>
   <div class='ocr_carea' id='block_1_4' title="bbox 372 2894 1885 3088">
    <p class='ocr_par' dir='ltr' id='par_1_4' title="bbox 372 2894 1885 3088">
     <span class='ocr_line' id='line_1_15' title="bbox 372 2894 1885 2995; baseline 0.003 -28"><span class='ocrx_word' id='word_1_123' title='bbox 372 2920 483 2995; x_wconf 90' lang='lat' dir='ltr'>opera</span> <span class='ocrx_word' id='word_1_124' title='bbox 509 2894 695 2993; x_wconf 86' lang='lat' dir='ltr'>incognita</span> <span class='ocrx_word' id='word_1_125' title='bbox 719 2894 866 2968; x_wconf 86' lang='lat' dir='ltr'>fuerunt</span> <span class='ocrx_word' id='word_1_126' title='bbox 891 2895 1010 2967; x_wconf 85' lang='lat' dir='ltr'>Firmo</span> <span class='ocrx_word' id='word_1_127' title='bbox 1033 2894 1258 2983; x_wconf 82' lang='lat' dir='ltr'>Johannre03</span> <span class='ocrx_word' id='word_1_128' title='bbox 1291 2895 1337 2970; x_wconf 89' lang='lat' dir='ltr'>cf.</span> <span class='ocrx_word' id='word_1_129' title='bbox 1359 2895 1437 2993; x_wconf 87' lang='lat' dir='ltr'>ejus</span> <span class='ocrx_word' id='word_1_130' title='bbox 1461 2895 1559 2970; x_wconf 90' lang='lat' dir='ltr'>Hist.</span> <span class='ocrx_word' id='word_1_131' title='bbox 1583 2897 1685 2971; x_wconf 87' lang='lat' dir='ltr'>Eccl.</span> <span class='ocrx_word' id='word_1_132' title='bbox 1709 2899 1780 2972; x_wconf 92' lang='lat' dir='ltr'><strong>III.</strong></span> <span class='ocrx_word' id='word_1_133' title='bbox 1800 2900 1885 2988; x_wconf 88' lang='lat'>601,</span> 
     </span>
     <span class='ocr_line' id='line_1_16' title="bbox 375 3017 460 3088; baseline -0.012 0"><span class='ocrx_word' id='word_1_134' title='bbox 375 3017 460 3088; x_wconf 80' lang='lat'><strong>602.</strong></span> 
     </span>
    </p>
   </div>
   <div class='ocr_carea' id='block_1_5' title="bbox 345 3253 2028 4610">
    <p class='ocr_par' dir='ltr' id='par_1_5' title="bbox 345 3253 2028 4610">
     <span class='ocr_line' id='line_1_17' title="bbox 345 3253 2008 3367; baseline 0.002 -29"><span class='ocrx_word' id='word_1_135' title='bbox 345 3261 537 3338; x_wconf 73' lang='lat' dir='ltr'>Jounuurs</span> <span class='ocrx_word' id='word_1_136' title='bbox 562 3264 797 3341; x_wconf 78' lang='lat' dir='ltr'>Tuonurmn</span> <span class='ocrx_word' id='word_1_137' title='bbox 824 3265 1055 3358; x_wconf 76' lang='lat' dir='ltr'>CunrsomS,</span> <span class='ocrx_word' id='word_1_138' title='bbox 1085 3268 1175 3366; x_wconf 88' lang='lat' dir='ltr'>(sive</span> <span class='ocrx_word' id='word_1_139' title='bbox 1201 3267 1500 3367; x_wconf 86' lang='lat' dir='ltr'>Gullbringa,)</span> <span class='ocrx_word' id='word_1_140' title='bbox 1530 3267 1555 3341; x_wconf 93' lang='lat' dir='ltr'>i.</span> <span class='ocrx_word' id='word_1_141' title='bbox 1574 3293 1606 3340; x_wconf 90' lang='lat' dir='ltr'>e.</span> <span class='ocrx_word' id='word_1_142' title='bbox 1629 3266 1885 3342; x_wconf 80' lang='lat' dir='ltr'>Memorabilia</span> <span class='ocrx_word' id='word_1_143' title='bbox 1926 3253 2008 3352; x_wconf 83' lang='grc'>85.</span> 
     </span>
     <span class='ocr_line' id='line_1_18' title="bbox 371 3387 2028 3491; baseline 0.005 -30"><span class='ocrx_word' id='word_1_144' title='bbox 371 3387 550 3486; x_wconf 85' lang='lat' dir='ltr'>quaedam,</span> <span class='ocrx_word' id='word_1_145' title='bbox 567 3402 604 3461; x_wconf 92' lang='lat' dir='ltr'>et</span> <span class='ocrx_word' id='word_1_146' title='bbox 621 3387 667 3462; x_wconf 87' lang='lat' dir='ltr'>ad</span> <span class='ocrx_word' id='word_1_147' title='bbox 690 3389 898 3463; x_wconf 89' lang='lat' dir='ltr'>encomium</span> <span class='ocrx_word' id='word_1_148' title='bbox 922 3391 1123 3466; x_wconf 68' lang='lat' dir='ltr'>Provinciae</span> <span class='ocrx_word' id='word_1_149' title='bbox 1145 3391 1437 3491; x_wconf 87' lang='lat' dir='ltr'>Gullbringensis</span> <span class='ocrx_word' id='word_1_150' title='bbox 1460 3393 1518 3466; x_wconf 91' lang='lat' dir='ltr'>vel</span> <span class='ocrx_word' id='word_1_151' title='bbox 1541 3391 1828 3465; x_wconf 84' lang='lat' dir='ltr'>Kialarnesensis</span> <span class='ocrx_word' id='word_1_152' title='bbox 1845 3392 1885 3464; x_wconf 90' lang='lat' dir='ltr'>in</span> <span class='ocrx_word' id='word_1_153' title='bbox 1906 3387 1956 3470; x_wconf 93' lang='lat' dir='ltr'>B.</span> <span class='ocrx_word' id='word_1_154' title='bbox 1976 3390 2028 3471; x_wconf 92' lang='lat' dir='ltr'>D.</span> 
     </span>
     <span class='ocr_line' id='line_1_19' title="bbox 371 3514 1884 3618; baseline 0.001 -29"><span class='ocrx_word' id='word_1_155' title='bbox 371 3514 530 3590; x_wconf 86' lang='lat' dir='ltr'>Islandia</span> <span class='ocrx_word' id='word_1_156' title='bbox 555 3516 700 3588; x_wconf 84' lang='lat' dir='ltr'>australi</span> <span class='ocrx_word' id='word_1_157' title='bbox 724 3515 955 3615; x_wconf 89' lang='lat' dir='ltr'>pertinentia,</span> <span class='ocrx_word' id='word_1_158' title='bbox 981 3517 1212 3615; x_wconf 89' lang='lat' dir='ltr'>numerisque</span> <span class='ocrx_word' id='word_1_159' title='bbox 1242 3517 1410 3618; x_wconf 83' lang='lat' dir='ltr'>elegiacis</span> <span class='ocrx_word' id='word_1_160' title='bbox 1436 3517 1613 3617; x_wconf 84' lang='lat' dir='ltr'>exposita,</span> <span class='ocrx_word' id='word_1_161' title='bbox 1639 3517 1771 3615; x_wconf 90' lang='lat' dir='ltr'>quibus</span> <span class='ocrx_word' id='word_1_162' title='bbox 1797 3517 1884 3590; x_wconf 92' lang='lat' dir='ltr'>Pro-</span> 
     </span>
     <span class='ocr_line' id='line_1_20' title="bbox 369 3639 1884 3743; baseline 0.001 -29"><span class='ocrx_word' id='word_1_163' title='bbox 369 3640 498 3714; x_wconf 88' lang='lat' dir='ltr'>vinciae</span> <span class='ocrx_word' id='word_1_164' title='bbox 524 3639 633 3730; x_wconf 89' lang='lat' dir='ltr'>illius,</span> <span class='ocrx_word' id='word_1_165' title='bbox 656 3665 730 3740; x_wconf 88' lang='lat' dir='ltr'>prae</span> <span class='ocrx_word' id='word_1_166' title='bbox 754 3639 860 3714; x_wconf 88' lang='lat' dir='ltr'>variis</span> <span class='ocrx_word' id='word_1_167' title='bbox 883 3640 1050 3715; x_wconf 84' lang='lat' dir='ltr'>Islandiae</span> <span class='ocrx_word' id='word_1_168' title='bbox 1066 3642 1256 3716; x_wconf 85' lang='lat' dir='ltr'>Tractibus</span> <span class='ocrx_word' id='word_1_169' title='bbox 1280 3644 1556 3743; x_wconf 68' lang='lat' dir='ltr'>prerogativam</span> <span class='ocrx_word' id='word_1_170' title='bbox 1580 3660 1617 3717; x_wconf 89' lang='lat' dir='ltr'>et</span> <span class='ocrx_word' id='word_1_171' title='bbox 1639 3643 1884 3743; x_wconf 73' lang='lat' dir='ltr'>prestantium</span> 
     </span>
     <span class='ocr_line' id='line_1_21' title="bbox 369 3763 1882 3869; baseline 0.002 -31"><span class='ocrx_word' id='word_1_172' title='bbox 369 3764 614 3838; x_wconf 88' lang='lat' dir='ltr'>demonstrare</span> <span class='ocrx_word' id='word_1_173' title='bbox 631 3764 745 3837; x_wconf 92' lang='lat' dir='ltr'>voluit</span> <span class='ocrx_word' id='word_1_174' title='bbox 760 3763 911 3856; x_wconf 89' lang='lat' dir='ltr'>Auctor,</span> <span class='ocrx_word' id='word_1_175' title='bbox 929 3765 991 3863; x_wconf 94' lang='lat' dir='ltr'>qui</span> <span class='ocrx_word' id='word_1_176' title='bbox 1009 3782 1046 3838; x_wconf 90' lang='lat' dir='ltr'>et</span> <span class='ocrx_word' id='word_1_177' title='bbox 1062 3767 1216 3840; x_wconf 90' lang='lat' dir='ltr'>Notulas</span> <span class='ocrx_word' id='word_1_178' title='bbox 1237 3767 1369 3865; x_wconf 87' lang='lat' dir='ltr'>adjecit</span> <span class='ocrx_word' id='word_1_179' title='bbox 1391 3795 1458 3869; x_wconf 89' lang='lat' dir='ltr'>pro</span> <span class='ocrx_word' id='word_1_180' title='bbox 1480 3767 1640 3842; x_wconf 89' lang='lat' dir='ltr'>faciliore</span> <span class='ocrx_word' id='word_1_181' title='bbox 1657 3768 1882 3866; x_wconf 80' lang='lat' dir='ltr'>singulorum</span> 
     </span>
     <span class='ocr_line' id='line_1_22' title="bbox 369 3887 1883 3991; baseline 0.003 -29"><span class='ocrx_word' id='word_1_182' title='bbox 369 3887 697 3988; x_wconf 80' lang='lat' dir='ltr'>Enthymematum</span> <span class='ocrx_word' id='word_1_183' title='bbox 715 3888 923 3962; x_wconf 88' lang='lat' dir='ltr'>intellectu:</span> <span class='ocrx_word' id='word_1_184' title='bbox 943 3889 1082 3964; x_wconf 89' lang='lat' dir='ltr'>Latine.</span> <span class='ocrx_word' id='word_1_185' title='bbox 1114 3891 1235 3963; x_wconf 87' lang='lat' dir='ltr'>Multa</span> <span class='ocrx_word' id='word_1_186' title='bbox 1252 3903 1379 3964; x_wconf 88' lang='lat' dir='ltr'>notatu</span> <span class='ocrx_word' id='word_1_187' title='bbox 1396 3890 1506 3990; x_wconf 85' lang='lat' dir='ltr'>digna</span> <span class='ocrx_word' id='word_1_188' title='bbox 1523 3890 1568 3965; x_wconf 89' lang='lat' dir='ltr'>ad</span> <span class='ocrx_word' id='word_1_189' title='bbox 1585 3891 1784 3982; x_wconf 91' lang='lat' dir='ltr'>historiam,</span> <span class='ocrx_word' id='word_1_190' title='bbox 1792 3918 1883 3991; x_wconf 84' lang='lat' dir='ltr'>prae-</span> 
     </span>
     <span class='ocr_line' id='line_1_23' title="bbox 370 4011 1883 4113; baseline 0.003 -27"><span class='ocrx_word' id='word_1_191' title='bbox 370 4013 493 4086; x_wconf 89' lang='lat' dir='ltr'>sertim</span> <span class='ocrx_word' id='word_1_192' title='bbox 517 4011 722 4101; x_wconf 89' lang='lat' dir='ltr'>literariam,</span> <span class='ocrx_word' id='word_1_193' title='bbox 740 4011 919 4113; x_wconf 91' lang='lat' dir='ltr'>hocopus</span> <span class='ocrx_word' id='word_1_194' title='bbox 944 4013 1117 4102; x_wconf 90' lang='lat' dir='ltr'>continet,</span> <span class='ocrx_word' id='word_1_195' title='bbox 1135 4014 1230 4087; x_wconf 88' lang='lat' dir='ltr'>inter</span> <span class='ocrx_word' id='word_1_196' title='bbox 1252 4014 1322 4088; x_wconf 88' lang='lat' dir='ltr'>alia</span> <span class='ocrx_word' id='word_1_197' title='bbox 1344 4014 1449 4089; x_wconf 84' lang='lat' dir='ltr'>fortia</span> <span class='ocrx_word' id='word_1_198' title='bbox 1467 4014 1665 4089; x_wconf 87' lang='lat' dir='ltr'>Hialmaris</span> <span class='ocrx_word' id='word_1_199' title='bbox 1682 4014 1883 4090; x_wconf 80' lang='lat' dir='ltr'>Grandavi-</span> 
     </span>
     <span class='ocr_line' id='line_1_24' title="bbox 370 4133 1883 4237; baseline 0.001 -28"><span class='ocrx_word' id='word_1_200' title='bbox 370 4134 487 4209; x_wconf 91' lang='lat' dir='ltr'>censis</span> <span class='ocrx_word' id='word_1_201' title='bbox 509 4146 636 4207; x_wconf 87' lang='lat' dir='ltr'>contra</span> <span class='ocrx_word' id='word_1_202' title='bbox 659 4134 795 4206; x_wconf 85' lang='lat' dir='ltr'>Turcas</span> <span class='ocrx_word' id='word_1_203' title='bbox 820 4133 1026 4208; x_wconf 88' lang='lat' dir='ltr'>Alzirenses</span> <span class='ocrx_word' id='word_1_204' title='bbox 1048 4134 1209 4209; x_wconf 86' lang='lat' dir='ltr'>facinora</span> <span class='ocrx_word' id='word_1_205' title='bbox 1234 4138 1328 4216; x_wconf 83' lang='lat'>1627</span> <span class='ocrx_word' id='word_1_206' title='bbox 1355 4136 1419 4235; x_wconf 87' lang='lat' dir='ltr'>(cf.</span> <span class='ocrx_word' id='word_1_207' title='bbox 1444 4163 1552 4237; x_wconf 88' lang='lat' dir='ltr'>supra</span> <span class='ocrx_word' id='word_1_208' title='bbox 1576 4136 1640 4210; x_wconf 91' lang='lat' dir='ltr'>N⁰.</span> <span class='ocrx_word' id='word_1_209' title='bbox 1658 4138 1707 4210; x_wconf 89' lang='grc'>56</span> <span class='ocrx_word' id='word_1_210' title='bbox 1730 4136 1775 4210; x_wconf 91' lang='lat' dir='ltr'>de</span> <span class='ocrx_word' id='word_1_211' title='bbox 1799 4137 1883 4211; x_wconf 93' lang='lat' dir='ltr'>hor-</span> 
     </span>
     <span class='ocr_line' id='line_1_25' title="bbox 369 4257 1882 4362; baseline 0.001 -30"><span class='ocrx_word' id='word_1_212' title='bbox 369 4258 489 4333; x_wconf 89' lang='lat' dir='ltr'>rendis</span> <span class='ocrx_word' id='word_1_213' title='bbox 513 4258 615 4331; x_wconf 89' lang='lat' dir='ltr'>istius</span> <span class='ocrx_word' id='word_1_214' title='bbox 647 4257 900 4358; x_wconf 86' lang='lat' dir='ltr'>Expeditionis</span> <span class='ocrx_word' id='word_1_215' title='bbox 930 4260 1117 4356; x_wconf 87' lang='lat' dir='ltr'>sequelis).</span> <span class='ocrx_word' id='word_1_216' title='bbox 1172 4259 1453 4361; x_wconf 78' lang='lat' dir='ltr'>Autographum</span> <span class='ocrx_word' id='word_1_217' title='bbox 1482 4260 1673 4352; x_wconf 86' lang='lat' dir='ltr'>ineditum,</span> <span class='ocrx_word' id='word_1_218' title='bbox 1699 4262 1882 4362; x_wconf 85' lang='lat' dir='ltr'>eleganter</span> 
     </span>
     <span class='ocr_line' id='line_1_26' title="bbox 370 4381 1879 4486; baseline 0.001 -30"><span class='ocrx_word' id='word_1_219' title='bbox 370 4383 556 4482; x_wconf 88' lang='lat' dir='ltr'>scriptum,</span> <span class='ocrx_word' id='word_1_220' title='bbox 573 4394 610 4455; x_wconf 88' lang='lat' dir='ltr'>et</span> <span class='ocrx_word' id='word_1_221' title='bbox 625 4381 718 4455; x_wconf 88' lang='lat' dir='ltr'>forte</span> <span class='ocrx_word' id='word_1_222' title='bbox 734 4381 884 4455; x_wconf 90' lang='lat' dir='ltr'>unicum</span> <span class='ocrx_word' id='word_1_223' title='bbox 902 4381 981 4479; x_wconf 87' lang='lat' dir='ltr'>jam</span> <span class='ocrx_word' id='word_1_224' title='bbox 999 4383 1157 4457; x_wconf 85' lang='lat' dir='ltr'>existens</span> <span class='ocrx_word' id='word_1_225' title='bbox 1174 4385 1372 4486; x_wconf 88' lang='lat' dir='ltr'>exemplar.</span> <span class='ocrx_word' id='word_1_226' title='bbox 1423 4386 1524 4479; x_wconf 87' lang='lat' dir='ltr'>(Fuit</span> <span class='ocrx_word' id='word_1_227' title='bbox 1539 4384 1680 4460; x_wconf 84' lang='lat' dir='ltr'>Auctor</span> <span class='ocrx_word' id='word_1_228' title='bbox 1696 4383 1879 4484; x_wconf 90' lang='lat' dir='ltr'>quondam</span> 
     </span>
     <span class='ocr_line' id='line_1_27' title="bbox 369 4505 1879 4610; baseline 0 -28"><span class='ocrx_word' id='word_1_229' title='bbox 369 4508 502 4582; x_wconf 87' lang='lat' dir='ltr'>Rector</span> <span class='ocrx_word' id='word_1_230' title='bbox 526 4505 668 4582; x_wconf 86' lang='lat' dir='ltr'>Scholae</span> <span class='ocrx_word' id='word_1_231' title='bbox 694 4505 964 4598; x_wconf 88' lang='lat' dir='ltr'>Scalholtensis,</span> <span class='ocrx_word' id='word_1_232' title='bbox 991 4505 1054 4581; x_wconf 87' lang='lat' dir='ltr'>sed</span> <span class='ocrx_word' id='word_1_233' title='bbox 1079 4508 1225 4583; x_wconf 75' lang='lat' dir='ltr'>Hafisiae</span> <span class='ocrx_word' id='word_1_234' title='bbox 1253 4510 1346 4589; x_wconf 88' lang='grc'><strong>1759</strong></span> <span class='ocrx_word' id='word_1_235' title='bbox 1374 4510 1476 4600; x_wconf 91' lang='lat' dir='ltr'>obiit,</span> <span class='ocrx_word' id='word_1_236' title='bbox 1504 4521 1552 4601; x_wconf 93' lang='lat' dir='ltr'>et,</span> <span class='ocrx_word' id='word_1_237' title='bbox 1578 4511 1708 4610; x_wconf 92' lang='lat' dir='ltr'>opibus</span> <span class='ocrx_word' id='word_1_238' title='bbox 1734 4508 1879 4598; x_wconf 89' lang='lat' dir='ltr'>relictis,</span> 
     </span>
    </p>
   </div>
   <div class='ocr_carea' id='block_1_6' title="bbox 369 4631 1879 4855">
    <p class='ocr_par' dir='ltr' id='par_1_6' title="bbox 369 4631 1879 4855">
     <span class='ocr_line' id='line_1_28' title="bbox 369 4631 1879 4732; baseline 0.001 -26"><span class='ocrx_word' id='word_1_239' title='bbox 369 4633 512 4706; x_wconf 89' lang='lat' dir='ltr'>Primus</span> <span class='ocrx_word' id='word_1_240' title='bbox 527 4631 670 4706; x_wconf 83' lang='lat' dir='ltr'>Scholae</span> <span class='ocrx_word' id='word_1_241' title='bbox 693 4631 995 4706; x_wconf 88' lang='lat' dir='ltr'>Hausastadensis</span> <span class='ocrx_word' id='word_1_242' title='bbox 1019 4633 1058 4705; x_wconf 93' lang='lat' dir='ltr'>in</span> <span class='ocrx_word' id='word_1_243' title='bbox 1081 4632 1239 4706; x_wconf 87' lang='lat' dir='ltr'>Islandia</span> <span class='ocrx_word' id='word_1_244' title='bbox 1261 4632 1447 4707; x_wconf 88' lang='lat' dir='ltr'>Fundator</span> <span class='ocrx_word' id='word_1_245' title='bbox 1467 4633 1589 4720; x_wconf 87' lang='lat' dir='ltr'>evasit,</span> <span class='ocrx_word' id='word_1_246' title='bbox 1607 4634 1645 4707; x_wconf 91' lang='lat' dir='ltr'>in</span> <span class='ocrx_word' id='word_1_247' title='bbox 1668 4659 1740 4706; x_wconf 88' lang='lat' dir='ltr'>suae</span> <span class='ocrx_word' id='word_1_248' title='bbox 1759 4632 1879 4732; x_wconf 88' lang='lat' dir='ltr'>Chry-</span> 
     </span>
     <span class='ocr_line' id='line_1_29' title="bbox 369 4753 1150 4855; baseline -0.009 -25"><span class='ocrx_word' id='word_1_249' title='bbox 369 4755 495 4832; x_wconf 90' lang='lat' dir='ltr'>soridis</span> <span class='ocrx_word' id='word_1_250' title='bbox 512 4755 691 4855; x_wconf 85' lang='lat' dir='ltr'>gratiam.)</span> <span class='ocrx_word' id='word_1_251' title='bbox 1147 4753 1150 4758; x_wconf 50' lang='lat'><strong>⁴</strong></span> 
     </span>
    </p>
   </div>
   <div class='ocr_carea' id='block_1_7' title="bbox 343 5002 2021 5231">
    <p class='ocr_par' dir='ltr' id='par_1_7' title="bbox 343 5002 2021 5231">
     <span class='ocr_line' id='line_1_30' title="bbox 343 5002 2001 5105; baseline 0 -25"><span class='ocrx_word' id='word_1_252' title='bbox 343 5005 534 5080; x_wconf 73' lang='lat' dir='ltr'>Jounuurs</span> <span class='ocrx_word' id='word_1_253' title='bbox 560 5002 732 5076; x_wconf 75' lang='lat' dir='ltr'>Essem</span> <span class='ocrx_word' id='word_1_254' title='bbox 761 5003 961 5101; x_wconf 88' lang='lat' dir='ltr'>(quondam</span> <span class='ocrx_word' id='word_1_255' title='bbox 989 5005 1155 5081; x_wconf 86' lang='lat' dir='ltr'>Caenobii</span> <span class='ocrx_word' id='word_1_256' title='bbox 1182 5006 1485 5082; x_wconf 86' lang='lat' dir='ltr'>Modruvallensis</span> <span class='ocrx_word' id='word_1_257' title='bbox 1512 5008 1552 5080; x_wconf 89' lang='lat' dir='ltr'>in</span> <span class='ocrx_word' id='word_1_258' title='bbox 1582 5006 1740 5083; x_wconf 89' lang='lat' dir='ltr'>Islandia</span> <span class='ocrx_word' id='word_1_259' title='bbox 1772 5005 1876 5105; x_wconf 87' lang='lat' dir='ltr'>Regii</span> <span class='ocrx_word' id='word_1_260' title='bbox 1918 5004 2001 5104; x_wconf 82' lang='grc'>86</span> 
     </span>
     <span class='ocr_line' id='line_1_31' title="bbox 368 5127 2021 5231; baseline -0.001 -26"><span class='ocrx_word' id='word_1_261' title='bbox 368 5127 692 5218; x_wconf 87' lang='lat' dir='ltr'>Administratoris,</span> <span class='ocrx_word' id='word_1_262' title='bbox 707 5127 769 5201; x_wconf 88' lang='lat' dir='ltr'>sed</span> <span class='ocrx_word' id='word_1_263' title='bbox 782 5141 907 5228; x_wconf 88' lang='lat' dir='ltr'>postea</span> <span class='ocrx_word' id='word_1_264' title='bbox 920 5130 1074 5231; x_wconf 91' lang='lat' dir='ltr'>propriis</span> <span class='ocrx_word' id='word_1_265' title='bbox 1091 5131 1221 5231; x_wconf 89' lang='lat' dir='ltr'>opibus</span> <span class='ocrx_word' id='word_1_266' title='bbox 1235 5131 1433 5224; x_wconf 86' lang='lat' dir='ltr'>exhaustis,</span> <span class='ocrx_word' id='word_1_267' title='bbox 1448 5132 1621 5208; x_wconf 84' lang='lat' dir='ltr'>Consulis</span> <span class='ocrx_word' id='word_1_268' title='bbox 1637 5129 1874 5204; x_wconf 82' lang='lat' dir='ltr'>Malmiiensis</span> <span class='ocrx_word' id='word_1_269' title='bbox 1902 5141 1948 5223; x_wconf 60' lang='grc' dir='ltr'>Β,</span> <span class='ocrx_word' id='word_1_270' title='bbox 1966 5142 2021 5224; x_wconf 65' lang='grc' dir='ltr'>Ι),</span> 
     </span>
    </p>
   </div>
   <div class='ocr_carea' id='block_1_8' title="bbox 0 0 2572 6534">
    <p class='ocr_par' dir='ltr' id='par_1_8' title="bbox 0 0 2572 6534">
     <span class='ocr_line' id='line_1_32' title="bbox 0 0 2572 6534; baseline 0 0"><span class='ocrx_word' id='word_1_271' title='bbox 0 0 2572 6534; x_wconf 95' lang='lat' dir='ltr'> </span> 
     </span>
    </p>
   </div>
  </div>
 </body>
</html>
