5134 6534
1433 823 1489 902 46

534 1031 675 1098 cho
745 1033 772 1103 1.
798 1027 987 1104 Ellifro:
1014 1029 1038 1102 i.
1055 1053 1088 1102 e.
1105 1027 1308 1103 senectutis
1331 1027 1522 1120 Solatium,
1538 1029 1699 1106 Auctore
1713 1031 1810 1106 Jona
1825 1024 2150 1134 Magnaeo—Vatis
2168 1066 2231 1114 an-

577 1121 631 1186 &c‘
770 1183 860 1232 noso
875 1155 974 1230 Patri
991 1127 1209 1228 dedicatum.

558 1379 667 1484 119.
694 1407 829 1482 Gauro
846 1425 1344 1480 antonino-efflaoaooicns
1360 1427 1407 1476 ex
1425 1401 1582 1500 antiquie
1599 1402 1699 1477 libris
1712 1402 1901 1478 Islandicis
1918 1424 2108 1496 consutus:
2135 1415 2233 1488 Auc-

586 1519 633 1602 B.
718 1543 795 1602 tore
819 1528 916 1603 Jona
936 1525 1173 1615 Thorehillio,
1195 1522 1378 1623 quondam
1405 1523 1546 1598 Scholae
1571 1523 1830 1600 Scalholtensis
1856 1527 2022 1602 Rectore.
2072 1531 2236 1610 Praemit.

718 1665 865 1727 tuntur:

743 1810 775 1850 a.
801 1775 937 1849 Breves
962 1773 1159 1848 Rectorum
1181 1767 1288 1844 dietae
1312 1770 1445 1844 soholae
1460 1769 1557 1861 vitae,
1574 1769 1753 1846 inchoatae
1776 1772 1822 1846 ab
1847 1773 1956 1849 Oddo
1973 1776 2129 1868 Einaris,
2146 1779 2235 1880 Epi-

770 1925 893 2000 scopo,
908 1911 944 1972 at
961 1923 982 1970 a
997 1895 1223 1970 Thorchillio
1240 1893 1285 1967 ad
1303 1920 1440 1967 annum
1457 1919 1572 1992 usque
1594 1896 1689 1974 1728
1707 1896 1936 1972 continuatae.

745 2032 781 2112 β.
808 2023 866 2098 De
883 2021 1078 2121 Proecipuis
1095 2019 1226 2093 veteris
1243 2017 1471 2092 Islandorum
1489 2017 1680 2093 literaturae
1699 2019 1926 2120 Coryphaeis.

744 2179 777 2244 γ.
804 2145 1003 2244 Catologus
1021 2143 1347 2217 Monumentorum
1365 2139 1628 2215 Islandioorum
1646 2142 1916 2242 (literariomm)
1930 2170 2011 2243 quae
2025 2146 2234 2224 Thormodo

768 2269 910 2344 Torfaeo
926 2269 1170 2357 innotuerant,
1187 2267 1233 2340 ab
1250 2264 1379 2338 eodem
1397 2266 1647 2340 concinnatus.

696 2393 866 2494 Sequitur
882 2393 987 2494 Opus
1011 2393 1130 2493 ipsum
1156 2390 1346 2464 continens
1364 2388 1511 2463 Glossas
1528 2403 1566 2463 et
1581 2390 1734 2466 Phraoea
1750 2393 1912 2484 rariores,
1929 2395 1987 2468 vel
2002 2420 2077 2495 pne
2098 2401 2234 2474 ceteris

721 2517 985 2607 memorabiles,
1009 2527 1118 2614 atque
1143 2515 1213 2588 alia
1237 2539 1383 2612 quoque
1408 2527 1590 2615 excerpta,
1621 2541 1715 2616 saepe
1742 2515 1873 2591 Latina
1901 2519 2145 2619 explicatione
2170 2521 2231 2596 ad-

720 2641 807 2732 dita,
829 2639 1025 2715 nimirum:

1332 2763 1363 2836 Ι.
1390 2760 1601 2850 Hiaton'oo,

745 2887 791 2962 A.
816 2886 876 2961 Ad
892 2887 1010 2987 ipsam
1028 2884 1224 2960 Ielandiam
1241 2885 1385 2986 proprie
1400 2884 1690 2985 pertinentia—e
1707 2885 1807 2959 libris
1827 2886 2081 2983 sequentibus:

799 3016 830 3087 1.
855 3011 964 3112 Saga
986 3012 1192 3088 Rafnkels
1214 3013 1481 3112 Freysgvda:
1513 3011 1692 3110 (inedita.)

794 3141 829 3212 2.
856 3136 1169 3237 Njardvikinga
1189 3139 1263 3212 sive
1283 3138 1812 3239 Droplaugarsona-Saga:
1842 3139 2021 3237 (inedita.)

794 3265 830 3337 3.
856 3263 1125 3337 FoatbraeSra
1143 3263 1272 3363 Saga:
1300 3263 1411 3358 (edita
1427 3262 1588 3362 quidem,
1607 3261 1669 3336 sed
1686 3264 1788 3337 nulla
1803 3265 1966 3338 versione
1982 3265 2184 3363 illustrata.)

792 3391 829 3462 4.
855 3387 963 3488 Saga
984 3387 1137 3478 Dordar
1159 3388 1328 3461 Hrenu:
1357 3391 1562 3488 (perperam
1579 3387 1688 3478 edita,
1706 3401 1743 3462 et
1759 3413 1947 3487 nunquam
1963 3392 2161 3487 translata.)

793 3513 829 3585 5.
855 3511 1119 3586 Floamanna
1141 3511 1268 3611 Saga:
1297 3511 1476 3607 (inedita.)

795 3635 829 3710 6.
855 3633 1087 3709 Svarfdaela
1103 3634 1233 3734 Saga:
1264 3633 1442 3732 (inedita.)

696 3789 698 3796 ·
792 3761 830 3838 7.
854 3757 1225 3859 Vigali'ime-Saga.

794 3885 829 3958 8.
856 3882 1318 3981 Bandamanna-Saga:
1348 3882 1458 3978 (male
1477 3879 1573 3954 edita
1590 3893 1627 3953 et
1644 3907 1718 3953 non
1734 3880 1933 3977 translata.)

794 4009 829 4082 9.
856 4007 963 4107 Saga
985 4006 1151 4081 Hardar
1173 4006 1226 4079 ok
1250 4005 1520 4080 Holmveria:
1549 4004 1610 4103 (de
1627 4031 1700 4103 qua
1716 4003 1814 4078 idem
1831 4021 1886 4078 est
1902 4004 2123 4104 dicendum.)

798 4134 855 4207 10.
881 4132 1266 4234 Sturlnnga-Saga:
1296 4130 1419 4230 (edita,
1437 4129 1499 4206 sed
1516 4155 1705 4228 nunquam
1721 4129 1920 4227 translata.)

799 4259 855 4332 11.
881 4254 1186 4358 Hfingurvaka.

797 4382 854 4456 12.
882 4380 1137 4455 Laurentius
1159 4383 1346 4482 Biskups
1370 4379 1501 4480 Saga:
1532 4377 1683 4475 (inedita
1700 4389 1737 4451 et
1753 4401 1941 4475 nunquam
1958 4377 2156 4472 translata.)

799 4505 855 4579 13.
883 4504 1225 4579 Landneimabok.

798 4630 855 4703 14.
880 4627 1057 4704 Schedae
1073 4628 1159 4703 Ara
1180 4628 1312 4703 froda.

799 4753 854 4826 15.
882 4751 1047 4827 Kristni
1067 4752 1174 4854 Saga
1194 4755 1252 4826 vel
1270 4748 1709 4848 KristindomsSaga.

798 4875 854 4949 16.
880 4875 987 4976 Saga
1003 4875 1128 4950 Eriks
1149 4878 1301 4951 rauSa:
1330 4873 1483 4972 (inedita
1500 4886 1537 4948 et
1554 4898 1628 4946 non
1644 4869 1845 4966 translata.)

798 4999 854 5078 17.
871 4997 1087 5073 Reikdaela
1104 4999 1177 5074 aive
1189 4997 1647 5098 Li6svetninga-Saga:
1666 4991 1801 5087 (adhuc
1815 4993 1942 5067 eodem
1957 4994 2066 5070 modo
2080 4994 2230 5094 ignota.)

798 5122 853 5196 18.
878 5119 1267 5222 Vigaotyrs·Saga:
1297 5121 1357 5222 (de
1374 5147 1447 5221 qua
1463 5120 1560 5194 idem
1577 5131 1633 5192 est
1648 5116 1871 5214 dicendum.)
