5134 6534
1098 819 1151 897 43

755 1025 797 1098 It
820 1048 952 1096 ensca
973 1021 1080 1095 nafn

752 1147 857 1220 Man
881 1146 968 1219 hon
992 1144 1127 1244 Anglia

753 1270 1022 1371 Egikdssut

753 1393 879 1469 Kend
902 1421 947 1467 er
968 1395 1042 1469 via
1065 1395 1252 1468 Brutum

753 1518 982 1591 Berraumn.

481 1643 662 1738 Posterius
685 1642 851 1742 regnabit
871 1643 1085 1733 Monarcha‚
1103 1643 1335 1744 amplissimis
1359 1643 1462 1716 terris
1485 1644 1681 1744 imperans,
1702 1643 1764 1740 qui
1787 1644 1894 1716 mari-

433 1766 488 1838 nis
505 1763 796 1865 expeditionibus
818 1762 1037 1863 Hispaniam
1056 1789 1275 1864 magnopere
1291 1763 1452 1853 terrebit,
1469 1789 1578 1862 quem
1596 1763 1706 1837 etiam
1724 1775 1893 1836 extremae

433 1887 559 1962 mundi
577 1901 714 1988 gentes,
732 1902 773 1961 ut
789 1886 928 1960 Arabes
946 1901 983 1960 et
999 1886 1174 1979 Aliicam,
1191 1899 1377 1964 metuent:

754 2012 907 2085 Munu’
930 2011 1116 2086 Rabitar

754 2136 870 2211 Raesi
890 2162 1004 2236 ugga

753 2260 848 2336 Uti
871 2259 1023 2334 Heimi

752 2386 817 2459 Oc
838 2382 1038 2457 Affriear

753 2504 837 2578 Far
859 2531 961 2578 mun
984 2502 1095 2579 visir

753 2624 974 2703 Vidlendr
995 2626 1101 2728 gbra

753 2749 789 2868 d
812 2751 866 2822 eat
886 2763 986 2851 ytra

753 2872 875 2973 Ogur
897 2874 1130 2948 Hrsrnmnsr.

481 2993 782 3069 Additamentum
802 2996 997 3087 Carminis,
1017 2995 1191 3094 (Merlino
1209 2996 1254 3069 ab
1275 3008 1420 3069 auctore
1437 3020 1510 3070 non
1531 2995 1779 3095 adscriptum)
1798 2997 1892 3068 hanc

432 3120 672 3218 penultimam
690 3121 877 3220 stropham
895 3121 1065 3194 exhibet:

540 3243 659 3318 vara
681 3247 729 3317 εὖ
752 3270 805 3317 en
826 3244 973 3319 Ensca
1164 3243 1292 3344 Nuper
1309 3243 1504 3342 cogebatur

540 3368 635 3443 AEtt
655 3367 743 3469 fyri
768 3367 932 3443 stundu
1161 3368 1319 3469 Anglica
1334 3369 1458 3442 Proles

538 3491 695 3567 Veldis
719 3494 854 3567 missa
1162 3494 1322 3594 Imperio
1340 3491 1487 3577 cedere3

541 3614 610 3688 Nr‘r
630 3642 675 3688 er
690 3616 850 3692 Valscr
871 3617 1024 3718 k6ngr,
1161 3617 1247 3692 Jam
1266 3618 1346 3692 Rex
1363 3615 1525 3690 Gallicus
1542 3614 1767 3689 dominatur:

540 3738 596 3828 Do
620 3765 665 3812 er
686 3741 786 3841 pegi
809 3767 894 3815 enn
1163 3743 1249 3816 Non
1265 3753 1390 3814 tamen
1405 3741 1550 3814 illorum
1570 3738 1811 3839 [Auglorum]

539 3863 687 3952 Deirra
708 3863 833 3937 haetti
1162 3866 1243 3939 Nec
1259 3864 1385 3965 populi
1402 3862 1604 3936 Britannici

541 3988 665 4062 Lidit
686 3988 732 4061 af
750 3989 839 4062 radi
1162 3988 1368 4061 Existentia
1384 3985 1559 4086 dispamit
1575 3984 1595 4059 ὃ
1611 3997 1726 4070 terra;

539 4114 602 4188 Ne
624 4111 710 4186 lids
734 4114 869 4186 Breta
1160 4111 1219 4187 At
1234 4111 1409 4211 cujusque
1425 4111 1579 4186 ditiones

539 4236 684 4311 Hviirs
709 4238 783 4310 viu
807 4235 929 4310 maeci
1164 4236 1296 4312 Gladio
1312 4237 1351 4311 in
1369 4262 1470 4310 suam

540 4354 666 4429 Hiall
689 4355 910 4457 eignadiz.
1164 4357 1432 4432 Possessionem
1449 4354 1598 4457 redegit.

481 4479 575 4554 Sunt
597 4481 812 4580 transcripta
835 4479 916 4553 haec
939 4505 1081 4573 summa
1103 4479 1291 4581 diligentia
1313 4481 1435 4556 critice
1459 4480 1651 4568 elaborata,
1676 4477 1891 4552 lectionibus

431 4601 651 4676 variantibus
668 4605 707 4677 in
724 4603 887 4705 margine
905 4601 1046 4677 additis.

406 4730 441 4802 3.
467 4727 865 4826 Hugsvinns-ma‘sl:
891 4729 915 4802 i.
936 4755 968 4802 e.
990 4727 1170 4828 Sapientis
1192 4730 1324 4819 Melos,
1343 4730 1502 4805 Carmen
1526 4727 1721 4829 prolixum,
1745 4727 1790 4801 ad
1813 4755 1891 4802 mo-
1950 4726 1997 4806 A.

430 4849 518 4924 dum
532 4848 753 4923 Eddicorum
764 4851 976 4927 Poematum
990 4851 1148 4926 Haviani
1162 4865 1199 4926 et
1211 4853 1342 4927 Solaris
1354 4853 1584 4945 (Hfivamal
1601 4865 1638 4925 et
1650 4851 1811 4948 solarlj
1821 4852 1887 4950 (all)

432 4973 609 5049 concinne
626 4975 883 5074 compositum.
935 4975 1162 5074 (Ineditum.)

405 5103 442 5172 4.
469 5098 609 5172 Ultima
635 5096 734 5173 Oddi
762 5097 943 5198 Sagittarii
972 5101 1105 5177 Cautio
1132 5099 1177 5172 de
1206 5099 1318 5200 ipsius
1352 5099 1552 5199 longinqua
1575 5099 1649 5172 vita
1673 5111 1710 5173 et
1734 5097 1886 5172 heroicis
1950 5107 1995 5187 C,

1087 5226 1149 5298 οἳ
