<?xml version="1.0" encoding="UTF-8"?>
<!DOCTYPE html PUBLIC "-//W3C//DTD XHTML 1.0 Transitional//EN"
    "http://www.w3.org/TR/xhtml1/DTD/xhtml1-transitional.dtd">
<html xmlns="http://www.w3.org/1999/xhtml" xml:lang="en" lang="en">
 <head>
  <title>
</title>
<meta http-equiv="Content-Type" content="text/html;charset=utf-8" />
  <meta name='ocr-system' content='tesseract 3.04.00' />
  <meta name='ocr-capabilities' content='ocr_page ocr_carea ocr_par ocr_line ocrx_word'/>
</head>
<body>
  <div class='ocr_page' id='page_1' title='image "./cataloguscritic00librgoog_0016.png"; bbox 0 0 5134 6534; ppageno 0'>
   <div class='ocr_carea' id='block_1_1' title="bbox 1099 828 1126 907">
    <p class='ocr_par' dir='ltr' id='par_1_1' title="bbox 1099 828 1126 907">
     <span class='ocr_line' id='line_1_1' title="bbox 1099 828 1126 907; baseline 0 0"><span class='ocrx_word' id='word_1_1' title='bbox 1099 828 1126 907; x_wconf 81' lang='lat'><strong>7</strong></span> 
     </span>
    </p>
   </div>
   <div class='ocr_carea' id='block_1_2' title="bbox 471 1027 2023 5097">
    <p class='ocr_par' dir='ltr' id='par_1_2' title="bbox 471 1027 2023 5097">
     <span class='ocr_line' id='line_1_2' title="bbox 471 1027 2023 1128; baseline -0.009 -22"><span class='ocrx_word' id='word_1_2' title='bbox 471 1031 635 1121; x_wconf 87' lang='lat' dir='ltr'>maximi,</span> <span class='ocrx_word' id='word_1_3' title='bbox 653 1029 772 1128; x_wconf 88' lang='lat' dir='ltr'>quoad</span> <span class='ocrx_word' id='word_1_4' title='bbox 796 1027 983 1106; x_wconf 79' lang='lat' dir='ltr'><strong>historiam</strong></span> <span class='ocrx_word' id='word_1_5' title='bbox 1001 1039 1038 1100; x_wconf 89' lang='lat' dir='ltr'>et</span> <span class='ocrx_word' id='word_1_6' title='bbox 1055 1027 1164 1102; x_wconf 88' lang='lat' dir='ltr'>totius</span> <span class='ocrx_word' id='word_1_7' title='bbox 1182 1027 1445 1128; x_wconf 85' lang='lat' dir='ltr'>Septentrionis</span> <span class='ocrx_word' id='word_1_8' title='bbox 1462 1027 1748 1128; x_wconf 78' lang='lat' dir='ltr'>chronologiam,</span> <span class='ocrx_word' id='word_1_9' title='bbox 1764 1029 1882 1128; x_wconf 88' lang='lat' dir='ltr'>pretii,</span> <span class='ocrx_word' id='word_1_10' title='bbox 1907 1033 2023 1098; x_wconf 80' lang='lat' dir='ltr'>Fouo.</span> 
     </span>
     <span class='ocr_line' id='line_1_3' title="bbox 472 1151 1883 1254; baseline -0.003 -24"><span class='ocrx_word' id='word_1_11' title='bbox 472 1182 587 1254; x_wconf 89' lang='lat' dir='ltr'>quum</span> <span class='ocrx_word' id='word_1_12' title='bbox 614 1153 799 1230; x_wconf 82' lang='lat' dir='ltr'>Soemundi</span> <span class='ocrx_word' id='word_1_13' title='bbox 824 1151 1003 1226; x_wconf 87' lang='lat' dir='ltr'>Multiscii</span> <span class='ocrx_word' id='word_1_14' title='bbox 1029 1151 1319 1228; x_wconf 82' lang='lat' dir='ltr'>lucubrationum</span> <span class='ocrx_word' id='word_1_15' title='bbox 1347 1151 1532 1251; x_wconf 80' lang='lat' dir='ltr'>epitomen</span> <span class='ocrx_word' id='word_1_16' title='bbox 1558 1151 1695 1242; x_wconf 88' lang='lat' dir='ltr'>reddat,</span> <span class='ocrx_word' id='word_1_17' title='bbox 1719 1168 1883 1254; x_wconf 90' lang='lat' dir='ltr'>tempore</span> 
     </span>
     <span class='ocr_line' id='line_1_4' title="bbox 471 1277 1884 1378; baseline -0.004 -23"><span class='ocrx_word' id='word_1_18' title='bbox 471 1279 648 1355; x_wconf 82' lang='lat' dir='ltr'>Sveneris</span> <span class='ocrx_word' id='word_1_19' title='bbox 688 1279 781 1378; x_wconf 87' lang='lat' dir='ltr'>regis</span> <span class='ocrx_word' id='word_1_20' title='bbox 823 1280 962 1377; x_wconf 85' lang='lat' dir='ltr'>(nostra</span> <span class='ocrx_word' id='word_1_21' title='bbox 999 1277 1189 1366; x_wconf 87' lang='lat' dir='ltr'>sententia,</span> <span class='ocrx_word' id='word_1_22' title='bbox 1230 1277 1325 1350; x_wconf 88' lang='lat' dir='ltr'>eirca</span> <span class='ocrx_word' id='word_1_23' title='bbox 1362 1302 1497 1350; x_wconf 90' lang='lat' dir='ltr'>annum</span> <span class='ocrx_word' id='word_1_24' title='bbox 1536 1278 1646 1372; x_wconf 85' lang='lat'>1190)</span> <span class='ocrx_word' id='word_1_25' title='bbox 1684 1290 1884 1368; x_wconf 83' lang='lat' dir='ltr'>exaratum,</span> 
     </span>
     <span class='ocr_line' id='line_1_5' title="bbox 473 1400 1885 1502; baseline -0.004 -24"><span class='ocrx_word' id='word_1_26' title='bbox 473 1405 640 1502; x_wconf 86' lang='lat' dir='ltr'>quamvis</span> <span class='ocrx_word' id='word_1_27' title='bbox 663 1402 918 1478; x_wconf 88' lang='lat' dir='ltr'>celeberrimus</span> <span class='ocrx_word' id='word_1_28' title='bbox 940 1401 1174 1476; x_wconf 86' lang='lat' dir='ltr'>Erichsenius</span> <span class='ocrx_word' id='word_1_29' title='bbox 1197 1400 1235 1474; x_wconf 93' lang='lat' dir='ltr'>id</span> <span class='ocrx_word' id='word_1_30' title='bbox 1256 1428 1324 1500; x_wconf 89' lang='lat' dir='ltr'>pro</span> <span class='ocrx_word' id='word_1_31' title='bbox 1348 1401 1548 1499; x_wconf 82' lang='lat' dir='ltr'>antiquiore</span> <span class='ocrx_word' id='word_1_32' title='bbox 1572 1401 1751 1475; x_wconf 82' lang='lat' dir='ltr'>habuerit.</span> <span class='ocrx_word' id='word_1_33' title='bbox 1801 1401 1885 1475; x_wconf 88' lang='lat' dir='ltr'>Fuit</span> 
     </span>
     <span class='ocr_line' id='line_1_6' title="bbox 473 1520 1885 1622; baseline -0.004 -22"><span class='ocrx_word' id='word_1_34' title='bbox 473 1527 519 1600; x_wconf 91' lang='lat' dir='ltr'>ab</span> <span class='ocrx_word' id='word_1_35' title='bbox 546 1538 691 1600; x_wconf 84' lang='lat' dir='ltr'>auctore</span> <span class='ocrx_word' id='word_1_36' title='bbox 704 1522 925 1598; x_wconf 85' lang='lat' dir='ltr'>dedicatum</span> <span class='ocrx_word' id='word_1_37' title='bbox 954 1523 1060 1598; x_wconf 83' lang='lat' dir='ltr'>Jonae</span> <span class='ocrx_word' id='word_1_38' title='bbox 1091 1522 1210 1622; x_wconf 88' lang='lat' dir='ltr'>Lopti,</span> <span class='ocrx_word' id='word_1_39' title='bbox 1240 1520 1441 1620; x_wconf 84' lang='lat' dir='ltr'>(Saemundi</span> <span class='ocrx_word' id='word_1_40' title='bbox 1472 1521 1650 1594; x_wconf 88' lang='lat' dir='ltr'>Multiscii</span> <span class='ocrx_word' id='word_1_41' title='bbox 1681 1521 1818 1622; x_wconf 83' lang='lat' dir='ltr'>nepoti,</span> <span class='ocrx_word' id='word_1_42' title='bbox 1844 1547 1885 1594; x_wconf 87' lang='lat' dir='ltr'>ae</span> 
     </span>
     <span class='ocr_line' id='line_1_7' title="bbox 474 1643 1887 1745; baseline -0.006 -21"><span class='ocrx_word' id='word_1_43' title='bbox 474 1649 665 1724; x_wconf 83' lang='lat' dir='ltr'>Snorronis</span> <span class='ocrx_word' id='word_1_44' title='bbox 682 1647 825 1724; x_wconf 84' lang='lat' dir='ltr'>Sturlaei</span> <span class='ocrx_word' id='word_1_45' title='bbox 842 1647 1026 1744; x_wconf 87' lang='lat' dir='ltr'>nutrici0,)</span> <span class='ocrx_word' id='word_1_46' title='bbox 1053 1647 1116 1744; x_wconf 89' lang='lat' dir='ltr'>qui</span> <span class='ocrx_word' id='word_1_47' title='bbox 1139 1646 1253 1721; x_wconf 86' lang='lat' dir='ltr'>liliam</span> <span class='ocrx_word' id='word_1_48' title='bbox 1276 1646 1370 1745; x_wconf 88' lang='lat' dir='ltr'>regis</span> <span class='ocrx_word' id='word_1_49' title='bbox 1395 1643 1599 1744; x_wconf 77' lang='lat' dir='ltr'>Nowegioe,</span> <span class='ocrx_word' id='word_1_50' title='bbox 1622 1644 1752 1744; x_wconf 85' lang='lat' dir='ltr'>Magni</span> <span class='ocrx_word' id='word_1_51' title='bbox 1771 1644 1887 1717; x_wconf 90' lang='lat' dir='ltr'>Nudi-</span> 
     </span>
     <span class='ocr_line' id='line_1_8' title="bbox 473 1768 1888 1874; baseline -0.004 -28"><span class='ocrx_word' id='word_1_52' title='bbox 473 1773 590 1874; x_wconf 88' lang='lat' dir='ltr'>pedis,</span> <span class='ocrx_word' id='word_1_53' title='bbox 607 1773 664 1870; x_wconf 85' lang='lat' dir='ltr'>(in</span> <span class='ocrx_word' id='word_1_54' title='bbox 682 1771 862 1846; x_wconf 83' lang='lat' dir='ltr'>Hibernia</span> <span class='ocrx_word' id='word_1_55' title='bbox 878 1772 986 1845; x_wconf 80' lang='lat' dir='ltr'>arnus</span> <span class='ocrx_word' id='word_1_56' title='bbox 1004 1771 1115 1866; x_wconf 85' lang='lat' dir='ltr'>oaesi,)</span> <span class='ocrx_word' id='word_1_57' title='bbox 1135 1771 1174 1843; x_wconf 92' lang='lat' dir='ltr'>in</span> <span class='ocrx_word' id='word_1_58' title='bbox 1191 1769 1422 1844; x_wconf 81' lang='lat' dir='ltr'>matrimonio</span> <span class='ocrx_word' id='word_1_59' title='bbox 1446 1769 1586 1860; x_wconf 93' lang='lat' dir='ltr'>habuit,</span> <span class='ocrx_word' id='word_1_60' title='bbox 1603 1768 1700 1842; x_wconf 88' lang='lat' dir='ltr'>unde</span> <span class='ocrx_word' id='word_1_61' title='bbox 1716 1782 1888 1868; x_wconf 75' lang='lat' dir='ltr'>praestan-</span> 
     </span>
     <span class='ocr_line' id='line_1_9' title="bbox 473 1895 1887 1997; baseline -0.001 -26"><span class='ocrx_word' id='word_1_62' title='bbox 473 1899 581 1971; x_wconf 88' lang='lat' dir='ltr'>tiores</span> <span class='ocrx_word' id='word_1_63' title='bbox 599 1895 827 1970; x_wconf 85' lang='lat' dir='ltr'>Islandorum</span> <span class='ocrx_word' id='word_1_64' title='bbox 849 1896 970 1969; x_wconf 91' lang='lat' dir='ltr'>adhuc</span> <span class='ocrx_word' id='word_1_65' title='bbox 988 1896 1152 1997; x_wconf 88' lang='lat' dir='ltr'>vigentes</span> <span class='ocrx_word' id='word_1_66' title='bbox 1174 1896 1321 1971; x_wconf 88' lang='lat' dir='ltr'>familiae</span> <span class='ocrx_word' id='word_1_67' title='bbox 1348 1899 1407 1990; x_wconf 85' lang='lat' dir='ltr'>(ac</span> <span class='ocrx_word' id='word_1_68' title='bbox 1430 1897 1534 1970; x_wconf 81' lang='lat' dir='ltr'>multi</span> <span class='ocrx_word' id='word_1_69' title='bbox 1560 1896 1668 1971; x_wconf 89' lang='lat' dir='ltr'>simul</span> <span class='ocrx_word' id='word_1_70' title='bbox 1689 1895 1887 1972; x_wconf 81' lang='lat' dir='ltr'>doctissimi</span> 
     </span>
     <span class='ocr_line' id='line_1_10' title="bbox 473 2019 1888 2123; baseline -0.001 -28"><span class='ocrx_word' id='word_1_71' title='bbox 473 2021 556 2118; x_wconf 87' lang='lat' dir='ltr'>viri)</span> <span class='ocrx_word' id='word_1_72' title='bbox 586 2033 673 2094; x_wconf 81' lang='lat' dir='ltr'>ortae</span> <span class='ocrx_word' id='word_1_73' title='bbox 698 2033 793 2094; x_wconf 89' lang='lat' dir='ltr'>sunt.</span> <span class='ocrx_word' id='word_1_74' title='bbox 843 2019 1086 2110; x_wconf 85' lang='lat' dir='ltr'>Adscribitur,</span> <span class='ocrx_word' id='word_1_75' title='bbox 1112 2048 1134 2094; x_wconf 89' lang='lat' dir='ltr'>a</span> <span class='ocrx_word' id='word_1_76' title='bbox 1163 2021 1308 2094; x_wconf 90' lang='lat' dir='ltr'>librario</span> <span class='ocrx_word' id='word_1_77' title='bbox 1337 2021 1446 2119; x_wconf 89' lang='lat' dir='ltr'>hujus</span> <span class='ocrx_word' id='word_1_78' title='bbox 1469 2024 1698 2123; x_wconf 87' lang='lat' dir='ltr'>exemplaris,</span> <span class='ocrx_word' id='word_1_79' title='bbox 1725 2025 1781 2096; x_wconf 92' lang='lat' dir='ltr'>vel</span> <span class='ocrx_word' id='word_1_80' title='bbox 1812 2023 1888 2120; x_wconf 90' lang='lat' dir='ltr'>ejus</span> 
     </span>
     <span class='ocr_line' id='line_1_11' title="bbox 474 2143 1888 2247; baseline 0.001 -29"><span class='ocrx_word' id='word_1_81' title='bbox 474 2145 634 2246; x_wconf 85' lang='lat' dir='ltr'>protypi,</span> <span class='ocrx_word' id='word_1_82' title='bbox 657 2144 830 2220; x_wconf 88' lang='lat' dir='ltr'>Suorroni</span> <span class='ocrx_word' id='word_1_83' title='bbox 857 2145 1024 2235; x_wconf 81' lang='lat' dir='ltr'>Sturlaeo,</span> <span class='ocrx_word' id='word_1_84' title='bbox 1048 2143 1111 2218; x_wconf 90' lang='lat' dir='ltr'>sed</span> <span class='ocrx_word' id='word_1_85' title='bbox 1133 2144 1376 2218; x_wconf 87' lang='lat' dir='ltr'>verisimiliter</span> <span class='ocrx_word' id='word_1_86' title='bbox 1403 2172 1616 2245; x_wconf 81' lang='lat' dir='ltr'>perperam3</span> <span class='ocrx_word' id='word_1_87' title='bbox 1652 2147 1737 2244; x_wconf 89' lang='lat' dir='ltr'>(nisi</span> <span class='ocrx_word' id='word_1_88' title='bbox 1760 2147 1888 2247; x_wconf 76' lang='lat' dir='ltr'>primae</span> 
     </span>
     <span class='ocr_line' id='line_1_12' title="bbox 474 2267 1889 2370; baseline -0.001 -27"><span class='ocrx_word' id='word_1_89' title='bbox 474 2270 588 2370; x_wconf 87' lang='lat' dir='ltr'>ipsius</span> <span class='ocrx_word' id='word_1_90' title='bbox 607 2268 811 2365; x_wconf 88' lang='lat' dir='ltr'>juventutis</span> <span class='ocrx_word' id='word_1_91' title='bbox 837 2295 928 2368; x_wconf 89' lang='lat' dir='ltr'>opus</span> <span class='ocrx_word' id='word_1_92' title='bbox 955 2269 1002 2342; x_wconf 92' lang='lat' dir='ltr'>sit</span> <span class='ocrx_word' id='word_1_93' title='bbox 1012 2271 1040 2365; x_wconf 68' lang='grc' dir='ltr'>ς)</span> <span class='ocrx_word' id='word_1_94' title='bbox 1074 2282 1130 2342; x_wconf 89' lang='lat' dir='ltr'>est</span> <span class='ocrx_word' id='word_1_95' title='bbox 1152 2269 1250 2340; x_wconf 91' lang='lat' dir='ltr'>enim</span> <span class='ocrx_word' id='word_1_96' title='bbox 1277 2272 1334 2366; x_wconf 89' lang='lat' dir='ltr'>(ut</span> <span class='ocrx_word' id='word_1_97' title='bbox 1357 2267 1513 2365; x_wconf 87' lang='lat' dir='ltr'>videtur)</span> <span class='ocrx_word' id='word_1_98' title='bbox 1537 2269 1614 2366; x_wconf 82' lang='lat' dir='ltr'>ejus</span> <span class='ocrx_word' id='word_1_99' title='bbox 1639 2269 1761 2343; x_wconf 84' lang='lat' dir='ltr'>adulta</span> <span class='ocrx_word' id='word_1_100' title='bbox 1785 2283 1889 2344; x_wconf 83' lang='lat' dir='ltr'>aetate</span> 
     </span>
     <span class='ocr_line' id='line_1_13' title="bbox 476 2379 1774 2494; baseline -0.008 -26"><span class='ocrx_word' id='word_1_101' title='bbox 476 2395 600 2494; x_wconf 91' lang='lat' dir='ltr'>paullo</span> <span class='ocrx_word' id='word_1_102' title='bbox 618 2393 813 2490; x_wconf 88' lang='lat' dir='ltr'>antiquius.</span> <span class='ocrx_word' id='word_1_103' title='bbox 1772 2379 1774 2386; x_wconf 48' lang='lat'><strong>⁴</strong></span> 
     </span>
     <span class='ocr_line' id='line_1_14' title="bbox 510 2517 1890 2617; baseline 0.001 -26"><span class='ocrx_word' id='word_1_104' title='bbox 510 2519 711 2617; x_wconf 85' lang='lat' dir='ltr'>Exemplar</span> <span class='ocrx_word' id='word_1_105' title='bbox 723 2517 837 2590; x_wconf 91' lang='lat' dir='ltr'>hocce</span> <span class='ocrx_word' id='word_1_106' title='bbox 848 2517 1012 2591; x_wconf 89' lang='lat' dir='ltr'>continet</span> <span class='ocrx_word' id='word_1_107' title='bbox 1024 2517 1311 2617; x_wconf 70' lang='lat' dir='ltr'>prestantissimi</span> <span class='ocrx_word' id='word_1_108' title='bbox 1322 2517 1431 2614; x_wconf 89' lang='lat' dir='ltr'>hujus</span> <span class='ocrx_word' id='word_1_109' title='bbox 1445 2519 1615 2591; x_wconf 85' lang='lat' dir='ltr'>carminis</span> <span class='ocrx_word' id='word_1_110' title='bbox 1629 2519 1890 2608; x_wconf 74' lang='lat' dir='ltr'>recensionem,</span> 
     </span>
     <span class='ocr_line' id='line_1_15' title="bbox 478 2639 1892 2742; baseline 0 -27"><span class='ocrx_word' id='word_1_111' title='bbox 478 2639 616 2715; x_wconf 90' lang='lat' dir='ltr'>mundo</span> <span class='ocrx_word' id='word_1_112' title='bbox 632 2639 773 2715; x_wconf 90' lang='lat' dir='ltr'>erudito</span> <span class='ocrx_word' id='word_1_113' title='bbox 796 2639 916 2713; x_wconf 86' lang='lat' dir='ltr'>adhuc</span> <span class='ocrx_word' id='word_1_114' title='bbox 938 2641 1089 2713; x_wconf 90' lang='lat' dir='ltr'>omnino</span> <span class='ocrx_word' id='word_1_115' title='bbox 1111 2641 1347 2740; x_wconf 86' lang='lat' dir='ltr'>incognitam.</span> <span class='ocrx_word' id='word_1_116' title='bbox 1401 2641 1521 2715; x_wconf 90' lang='lat' dir='ltr'>Unica</span> <span class='ocrx_word' id='word_1_117' title='bbox 1538 2642 1608 2714; x_wconf 81' lang='lat' dir='ltr'>alia</span> <span class='ocrx_word' id='word_1_118' title='bbox 1623 2641 1723 2742; x_wconf 84' lang='lat' dir='ltr'>prius</span> <span class='ocrx_word' id='word_1_119' title='bbox 1746 2641 1892 2715; x_wconf 91' lang='lat' dir='ltr'>innotu-</span> 
     </span>
     <span class='ocr_line' id='line_1_16' title="bbox 478 2760 1889 2862; baseline 0.003 -30"><span class='ocrx_word' id='word_1_120' title='bbox 478 2775 566 2851; x_wconf 84' lang='lat' dir='ltr'>erat,</span> <span class='ocrx_word' id='word_1_121' title='bbox 584 2761 819 2834; x_wconf 87' lang='lat' dir='ltr'>celeberrimo</span> <span class='ocrx_word' id='word_1_122' title='bbox 836 2760 1042 2861; x_wconf 87' lang='lat' dir='ltr'>Flateyensi</span> <span class='ocrx_word' id='word_1_123' title='bbox 1060 2761 1190 2836; x_wconf 88' lang='lat' dir='ltr'>Codici</span> <span class='ocrx_word' id='word_1_124' title='bbox 1217 2763 1273 2859; x_wconf 93' lang='lat' dir='ltr'>(in</span> <span class='ocrx_word' id='word_1_125' title='bbox 1297 2762 1528 2836; x_wconf 84' lang='lat' dir='ltr'>Bibliotheca</span> <span class='ocrx_word' id='word_1_126' title='bbox 1550 2763 1649 2862; x_wconf 86' lang='lat' dir='ltr'>regia</span> <span class='ocrx_word' id='word_1_127' title='bbox 1671 2763 1889 2859; x_wconf 89' lang='lat' dir='ltr'>Havniensi)</span> 
     </span>
     <span class='ocr_line' id='line_1_17' title="bbox 479 2883 1892 2984; baseline 0.001 -26"><span class='ocrx_word' id='word_1_128' title='bbox 479 2886 624 2975; x_wconf 87' lang='lat' dir='ltr'>inserta,</span> <span class='ocrx_word' id='word_1_129' title='bbox 655 2883 759 2980; x_wconf 84' lang='lat' dir='ltr'>cujus</span> <span class='ocrx_word' id='word_1_130' title='bbox 789 2885 1040 2984; x_wconf 83' lang='lat' dir='ltr'>apographum</span> <span class='ocrx_word' id='word_1_131' title='bbox 1071 2885 1302 2960; x_wconf 85' lang='lat' dir='ltr'>doctissimus</span> <span class='ocrx_word' id='word_1_132' title='bbox 1327 2887 1562 2960; x_wconf 88' lang='lat' dir='ltr'>Erichsenius</span> <span class='ocrx_word' id='word_1_133' title='bbox 1593 2885 1706 2959; x_wconf 88' lang='lat' dir='ltr'>edidit</span> <span class='ocrx_word' id='word_1_134' title='bbox 1739 2887 1892 2960; x_wconf 84' lang='lat' dir='ltr'>Havnioe</span> 
     </span>
     <span class='ocr_line' id='line_1_18' title="bbox 484 3008 1893 3108; baseline 0.001 -26"><span class='ocrx_word' id='word_1_135' title='bbox 484 3011 577 3089; x_wconf 84' lang='lat'>1787</span> <span class='ocrx_word' id='word_1_136' title='bbox 599 3008 637 3082; x_wconf 93' lang='lat' dir='ltr'>in</span> <span class='ocrx_word' id='word_1_137' title='bbox 654 3009 731 3099; x_wconf 73' lang='lat' dir='ltr'>lto,</span> <span class='ocrx_word' id='word_1_138' title='bbox 753 3009 820 3081; x_wconf 91' lang='lat' dir='ltr'>sub</span> <span class='ocrx_word' id='word_1_139' title='bbox 842 3021 1016 3106; x_wconf 84' lang='lat' dir='ltr'>sequente</span> <span class='ocrx_word' id='word_1_140' title='bbox 1036 3009 1163 3082; x_wconf 84' lang='lat' dir='ltr'>titulo:</span> <span class='ocrx_word' id='word_1_141' title='bbox 1190 3009 1270 3083; x_wconf 61' lang='lat' dir='ltr'>«lon</span> <span class='ocrx_word' id='word_1_142' title='bbox 1288 3009 1475 3108; x_wconf 75' lang='lat' dir='ltr'>Loptrd&#39;na</span> <span class='ocrx_word' id='word_1_143' title='bbox 1493 3010 1714 3084; x_wconf 77' lang='lat' dir='ltr'>Encomiuat</span> <span class='ocrx_word' id='word_1_144' title='bbox 1733 3009 1824 3085; x_wconf 74' lang='lat' dir='ltr'>oller</span> <span class='ocrx_word' id='word_1_145' title='bbox 1848 3035 1893 3084; x_wconf 80' lang='lat' dir='ltr'>en</span> 
     </span>
     <span class='ocr_line' id='line_1_19' title="bbox 480 3131 1892 3232; baseline 0.003 -26"><span class='ocrx_word' id='word_1_146' title='bbox 480 3132 674 3206; x_wconf 70' lang='lat' dir='ltr'>nument</span> <span class='ocrx_word' id='word_1_147' title='bbox 699 3131 917 3231; x_wconf 82' lang='lat' dir='ltr'>Forfattcra</span> <span class='ocrx_word' id='word_1_148' title='bbox 944 3132 1320 3232; x_wconf 74' lang='lat' dir='ltr'>Lykd&#39;nslmingaoers</span> <span class='ocrx_word' id='word_1_149' title='bbox 1351 3133 1399 3208; x_wconf 80' lang='lat' dir='ltr'>til</span> <span class='ocrx_word' id='word_1_150' title='bbox 1427 3134 1525 3223; x_wconf 73' lang='lat' dir='ltr'>dam,</span> <span class='ocrx_word' id='word_1_151' title='bbox 1553 3134 1821 3210; x_wconf 80' lang='lat' dir='ltr'>iadeholdende</span> <span class='ocrx_word' id='word_1_152' title='bbox 1848 3160 1892 3210; x_wconf 81' lang='lat' dir='ltr'>en</span> 
     </span>
     <span class='ocr_line' id='line_1_20' title="bbox 479 3255 1894 3358; baseline 0.001 -25"><span class='ocrx_word' id='word_1_153' title='bbox 479 3255 726 3354; x_wconf 77' lang='lat' dir='ltr'>Fortcgnelse</span> <span class='ocrx_word' id='word_1_154' title='bbox 750 3281 801 3354; x_wconf 83' lang='lat' dir='ltr'>og</span> <span class='ocrx_word' id='word_1_155' title='bbox 824 3255 1082 3355; x_wconf 60' lang='lat' dir='ltr'>maging</span> <span class='ocrx_word' id='word_1_156' title='bbox 1105 3283 1191 3332; x_wconf 68' lang='lat' dir='ltr'>oum</span> <span class='ocrx_word' id='word_1_157' title='bbox 1215 3258 1263 3334; x_wconf 84' lang='lat' dir='ltr'>de</span> <span class='ocrx_word' id='word_1_158' title='bbox 1282 3259 1436 3334; x_wconf 77' lang='lat' dir='ltr'>Nerate</span> <span class='ocrx_word' id='word_1_159' title='bbox 1460 3259 1805 3357; x_wconf 78' lang='lat' dir='ltr'>Eneooldsleoager,</span> <span class='ocrx_word' id='word_1_160' title='bbox 1817 3261 1894 3358; x_wconf 83' lang='lat' dir='ltr'>fra</span> 
     </span>
     <span class='ocr_line' id='line_1_21' title="bbox 482 3379 1894 3485; baseline 0.001 -29"><span class='ocrx_word' id='word_1_161' title='bbox 482 3379 650 3456; x_wconf 82' lang='lat' dir='ltr'>Hnrald</span> <span class='ocrx_word' id='word_1_162' title='bbox 660 3379 896 3478; x_wconf 77' lang='lat' dir='ltr'>Hoarfager</span> <span class='ocrx_word' id='word_1_163' title='bbox 911 3381 959 3454; x_wconf 81' lang='lat' dir='ltr'>til</span> <span class='ocrx_word' id='word_1_164' title='bbox 967 3379 1088 3479; x_wconf 83' lang='lat' dir='ltr'>Kong</span> <span class='ocrx_word' id='word_1_165' title='bbox 1098 3381 1270 3473; x_wconf 82' lang='lat' dir='ltr'>Soerrer,</span> <span class='ocrx_word' id='word_1_166' title='bbox 1281 3385 1347 3457; x_wconf 79' lang='lat' dir='ltr'>&amp;n</span> <span class='ocrx_word' id='word_1_167' title='bbox 1381 3383 1535 3458; x_wconf 88' lang='lat' dir='ltr'>Addidit</span> <span class='ocrx_word' id='word_1_168' title='bbox 1551 3384 1698 3485; x_wconf 86' lang='lat' dir='ltr'>insuper</span> <span class='ocrx_word' id='word_1_169' title='bbox 1715 3384 1894 3458; x_wconf 84' lang='lat' dir='ltr'>Danicam</span> 
     </span>
     <span class='ocr_line' id='line_1_22' title="bbox 483 3506 1895 3608; baseline 0.001 -28"><span class='ocrx_word' id='word_1_170' title='bbox 483 3534 585 3580; x_wconf 90' lang='lat' dir='ltr'>suam</span> <span class='ocrx_word' id='word_1_171' title='bbox 612 3506 827 3596; x_wconf 86' lang='lat' dir='ltr'>versionem,</span> <span class='ocrx_word' id='word_1_172' title='bbox 851 3519 890 3579; x_wconf 87' lang='lat' dir='ltr'>et</span> <span class='ocrx_word' id='word_1_173' title='bbox 915 3506 1164 3580; x_wconf 86' lang='lat' dir='ltr'>annotationes</span> <span class='ocrx_word' id='word_1_174' title='bbox 1190 3507 1365 3604; x_wconf 87' lang='lat' dir='ltr'>quasdam</span> <span class='ocrx_word' id='word_1_175' title='bbox 1393 3511 1460 3583; x_wconf 81' lang='lat' dir='ltr'>&amp;c</span> <span class='ocrx_word' id='word_1_176' title='bbox 1511 3509 1642 3585; x_wconf 86' lang='lat' dir='ltr'>Codex</span> <span class='ocrx_word' id='word_1_177' title='bbox 1672 3510 1895 3608; x_wconf 86' lang='lat' dir='ltr'>Flateyensis</span> 
     </span>
     <span class='ocr_line' id='line_1_23' title="bbox 484 3629 1896 3734; baseline 0.002 -30"><span class='ocrx_word' id='word_1_178' title='bbox 484 3630 636 3704; x_wconf 89' lang='lat' dir='ltr'>carmini</span> <span class='ocrx_word' id='word_1_179' title='bbox 663 3643 785 3704; x_wconf 84' lang='lat' dir='ltr'>nostro</span> <span class='ocrx_word' id='word_1_180' title='bbox 811 3629 907 3704; x_wconf 87' lang='lat' dir='ltr'>hanc</span> <span class='ocrx_word' id='word_1_181' title='bbox 931 3630 1204 3730; x_wconf 89' lang='lat' dir='ltr'>inscriptionem</span> <span class='ocrx_word' id='word_1_182' title='bbox 1229 3631 1398 3707; x_wconf 89' lang='lat' dir='ltr'>adhibet:</span> <span class='ocrx_word' id='word_1_183' title='bbox 1434 3634 1525 3708; x_wconf 87' lang='lat' dir='ltr'>Her</span> <span class='ocrx_word' id='word_1_184' title='bbox 1552 3635 1668 3708; x_wconf 87' lang='lat' dir='ltr'>hefir</span> <span class='ocrx_word' id='word_1_185' title='bbox 1691 3636 1896 3734; x_wconf 85' lang='lat' dir='ltr'>Noreghr</span> 
     </span>
     <span class='ocr_line' id='line_1_24' title="bbox 484 3755 1897 3858; baseline -0.001 -25"><span class='ocrx_word' id='word_1_186' title='bbox 484 3759 642 3856; x_wconf 78' lang='lat' dir='ltr'>Konga</span> <span class='ocrx_word' id='word_1_187' title='bbox 664 3758 737 3847; x_wconf 87' lang='lat' dir='ltr'>tal,</span> <span class='ocrx_word' id='word_1_188' title='bbox 754 3783 799 3828; x_wconf 90' lang='lat' dir='ltr'>er</span> <span class='ocrx_word' id='word_1_189' title='bbox 815 3755 1039 3830; x_wconf 89' lang='lat' dir='ltr'>Saemunds</span> <span class='ocrx_word' id='word_1_190' title='bbox 1060 3755 1192 3829; x_wconf 80' lang='lat' dir='ltr'>Frddi</span> <span class='ocrx_word' id='word_1_191' title='bbox 1212 3757 1349 3830; x_wconf 88' lang='lat' dir='ltr'>ordti:</span> <span class='ocrx_word' id='word_1_192' title='bbox 1373 3759 1440 3832; x_wconf 45' lang='lat' dir='ltr'>ise.</span> <span class='ocrx_word' id='word_1_193' title='bbox 1458 3758 1544 3833; x_wconf 85' lang='lat' dir='ltr'>Hic</span> <span class='ocrx_word' id='word_1_194' title='bbox 1560 3759 1692 3858; x_wconf 74' lang='lat' dir='ltr'>incipit</span> <span class='ocrx_word' id='word_1_195' title='bbox 1704 3784 1897 3834; x_wconf 60' lang='lat' dir='ltr'>mamera-</span> 
     </span>
     <span class='ocr_line' id='line_1_25' title="bbox 483 3876 1896 3978; baseline 0.001 -24"><span class='ocrx_word' id='word_1_196' title='bbox 483 3880 533 3954; x_wconf 80' lang='lat' dir='ltr'>tio</span> <span class='ocrx_word' id='word_1_197' title='bbox 559 3877 651 3971; x_wconf 82' lang='lat' dir='ltr'>(aive</span> <span class='ocrx_word' id='word_1_198' title='bbox 672 3876 857 3976; x_wconf 71' lang='lat' dir='ltr'>elenchus)</span> <span class='ocrx_word' id='word_1_199' title='bbox 881 3879 1031 3976; x_wconf 74' lang='lat' dir='ltr'>Regum</span> <span class='ocrx_word' id='word_1_200' title='bbox 1054 3878 1271 3976; x_wconf 78' lang='lat' dir='ltr'>Norocgiae,</span> <span class='ocrx_word' id='word_1_201' title='bbox 1298 3905 1409 3978; x_wconf 82' lang='lat' dir='ltr'>quam</span> <span class='ocrx_word' id='word_1_202' title='bbox 1432 3881 1653 3955; x_wconf 71' lang='lat' dir='ltr'>Soemundua</span> <span class='ocrx_word' id='word_1_203' title='bbox 1677 3881 1896 3956; x_wconf 63' lang='lat' dir='ltr'>Martianus</span> 
     </span>
     <span class='ocr_line' id='line_1_26' title="bbox 481 3998 1894 4103; baseline 0.003 -29"><span class='ocrx_word' id='word_1_204' title='bbox 481 4007 745 4098; x_wconf 63' lang='lat' dir='ltr'>conposuerat.</span> <span class='ocrx_word' id='word_1_205' title='bbox 797 3999 882 4072; x_wconf 92' lang='lat' dir='ltr'>Hoc</span> <span class='ocrx_word' id='word_1_206' title='bbox 906 3998 951 4072; x_wconf 95' lang='lat' dir='ltr'>de</span> <span class='ocrx_word' id='word_1_207' title='bbox 968 3999 1086 4098; x_wconf 88' lang='lat' dir='ltr'>priore</span> <span class='ocrx_word' id='word_1_208' title='bbox 1107 4002 1285 4099; x_wconf 67' lang='lat' dir='ltr'>poematis</span> <span class='ocrx_word' id='word_1_209' title='bbox 1308 4019 1410 4102; x_wconf 85' lang='lat' dir='ltr'>parte</span> <span class='ocrx_word' id='word_1_210' title='bbox 1427 4003 1567 4076; x_wconf 82' lang='lat' dir='ltr'>veritati</span> <span class='ocrx_word' id='word_1_211' title='bbox 1584 4003 1764 4103; x_wconf 78' lang='lat' dir='ltr'>congruit,</span> <span class='ocrx_word' id='word_1_212' title='bbox 1782 4031 1894 4103; x_wconf 92' lang='lat' dir='ltr'>quum</span> 
     </span>
     <span class='ocr_line' id='line_1_27' title="bbox 484 4117 1896 4225; baseline 0.005 -33"><span class='ocrx_word' id='word_1_213' title='bbox 484 4121 552 4194; x_wconf 82' lang='lat' dir='ltr'>ista</span> <span class='ocrx_word' id='word_1_214' title='bbox 569 4143 615 4192; x_wconf 84' lang='lat' dir='ltr'>ex</span> <span class='ocrx_word' id='word_1_215' title='bbox 632 4117 710 4215; x_wconf 89' lang='lat' dir='ltr'>ejus</span> <span class='ocrx_word' id='word_1_216' title='bbox 727 4119 895 4219; x_wconf 89' lang='lat' dir='ltr'>operibus</span> <span class='ocrx_word' id='word_1_217' title='bbox 913 4118 960 4193; x_wconf 88' lang='lat' dir='ltr'>sit</span> <span class='ocrx_word' id='word_1_218' title='bbox 976 4133 1164 4219; x_wconf 78' lang='lat' dir='ltr'>excerpta3</span> <span class='ocrx_word' id='word_1_219' title='bbox 1190 4123 1354 4219; x_wconf 86' lang='lat' dir='ltr'>quamvis</span> <span class='ocrx_word' id='word_1_220' title='bbox 1371 4123 1448 4222; x_wconf 89' lang='lat' dir='ltr'>ipse</span> <span class='ocrx_word' id='word_1_221' title='bbox 1465 4151 1539 4196; x_wconf 91' lang='lat' dir='ltr'>non</span> <span class='ocrx_word' id='word_1_222' title='bbox 1555 4151 1622 4225; x_wconf 91' lang='lat' dir='ltr'>pro</span> <span class='ocrx_word' id='word_1_223' title='bbox 1638 4125 1734 4198; x_wconf 89' lang='lat' dir='ltr'>illius</span> <span class='ocrx_word' id='word_1_224' title='bbox 1752 4142 1896 4200; x_wconf 87' lang='lat' dir='ltr'>auctore</span> 
     </span>
     <span class='ocr_line' id='line_1_28' title="bbox 486 4241 1896 4348; baseline 0.006 -32"><span class='ocrx_word' id='word_1_225' title='bbox 486 4244 532 4317; x_wconf 90' lang='lat' dir='ltr'>sit</span> <span class='ocrx_word' id='word_1_226' title='bbox 547 4241 747 4316; x_wconf 89' lang='lat' dir='ltr'>habendus.</span> <span class='ocrx_word' id='word_1_227' title='bbox 782 4243 976 4343; x_wconf 82' lang='lat' dir='ltr'>Inscriptio</span> <span class='ocrx_word' id='word_1_228' title='bbox 992 4244 1055 4317; x_wconf 91' lang='lat' dir='ltr'>illa</span> <span class='ocrx_word' id='word_1_229' title='bbox 1072 4245 1183 4318; x_wconf 88' lang='lat' dir='ltr'>nostri</span> <span class='ocrx_word' id='word_1_230' title='bbox 1201 4248 1418 4347; x_wconf 78' lang='lat' dir='ltr'>exemplaris</span> <span class='ocrx_word' id='word_1_231' title='bbox 1434 4261 1631 4348; x_wconf 86' lang='lat' dir='ltr'>prototypo</span> <span class='ocrx_word' id='word_1_232' title='bbox 1642 4248 1767 4323; x_wconf 78' lang='lat' dir='ltr'>defuit.</span> <span class='ocrx_word' id='word_1_233' title='bbox 1796 4250 1896 4324; x_wconf 91' lang='lat' dir='ltr'>Hinc</span> 
     </span>
     <span class='ocr_line' id='line_1_29' title="bbox 487 4366 1897 4472; baseline 0.005 -32"><span class='ocrx_word' id='word_1_234' title='bbox 487 4368 700 4466; x_wconf 86' lang='lat' dir='ltr'>suspicatus,</span> <span class='ocrx_word' id='word_1_235' title='bbox 715 4366 814 4464; x_wconf 91' lang='lat' dir='ltr'>quod</span> <span class='ocrx_word' id='word_1_236' title='bbox 828 4379 994 4444; x_wconf 84' lang='lat' dir='ltr'>nostrum</span> <span class='ocrx_word' id='word_1_237' title='bbox 1013 4368 1073 4442; x_wconf 91' lang='lat' dir='ltr'>alii</span> <span class='ocrx_word' id='word_1_238' title='bbox 1089 4370 1244 4461; x_wconf 88' lang='lat' dir='ltr'>matrici,</span> <span class='ocrx_word' id='word_1_239' title='bbox 1257 4399 1300 4444; x_wconf 90' lang='lat' dir='ltr'>ac</span> <span class='ocrx_word' id='word_1_240' title='bbox 1317 4371 1541 4472; x_wconf 82' lang='lat' dir='ltr'>Flateyensis</span> <span class='ocrx_word' id='word_1_241' title='bbox 1560 4373 1701 4464; x_wconf 80' lang='lat' dir='ltr'>Codex,</span> <span class='ocrx_word' id='word_1_242' title='bbox 1711 4401 1818 4448; x_wconf 86' lang='lat' dir='ltr'>suam</span> <span class='ocrx_word' id='word_1_243' title='bbox 1835 4374 1897 4447; x_wconf 89' lang='lat' dir='ltr'>de-</span> 
     </span>
     <span class='ocr_line' id='line_1_30' title="bbox 486 4490 1895 4598; baseline 0.006 -34"><span class='ocrx_word' id='word_1_244' title='bbox 486 4490 605 4565; x_wconf 86' lang='lat' dir='ltr'>buerit</span> <span class='ocrx_word' id='word_1_245' title='bbox 627 4491 818 4591; x_wconf 87' lang='lat' dir='ltr'>originem,</span> <span class='ocrx_word' id='word_1_246' title='bbox 835 4505 943 4591; x_wconf 83' lang='lat' dir='ltr'>ntque</span> <span class='ocrx_word' id='word_1_247' title='bbox 961 4493 1152 4568; x_wconf 88' lang='lat' dir='ltr'>amborum</span> <span class='ocrx_word' id='word_1_248' title='bbox 1175 4495 1285 4594; x_wconf 89' lang='lat' dir='ltr'>igitur</span> <span class='ocrx_word' id='word_1_249' title='bbox 1308 4497 1539 4571; x_wconf 88' lang='lat' dir='ltr'>collationem</span> <span class='ocrx_word' id='word_1_250' title='bbox 1557 4524 1756 4598; x_wconf 87' lang='lat' dir='ltr'>aggressus,</span> <span class='ocrx_word' id='word_1_251' title='bbox 1775 4501 1895 4572; x_wconf 89' lang='lat' dir='ltr'>statim</span> 
     </span>
     <span class='ocr_line' id='line_1_31' title="bbox 485 4616 1896 4722; baseline 0.005 -33"><span class='ocrx_word' id='word_1_252' title='bbox 485 4617 583 4690; x_wconf 91' lang='lat' dir='ltr'>illius</span> <span class='ocrx_word' id='word_1_253' title='bbox 600 4617 816 4714; x_wconf 76' lang='lat' dir='ltr'>conjecturae</span> <span class='ocrx_word' id='word_1_254' title='bbox 833 4616 1022 4691; x_wconf 87' lang='lat' dir='ltr'>indubiam</span> <span class='ocrx_word' id='word_1_255' title='bbox 1038 4620 1226 4692; x_wconf 83' lang='lat' dir='ltr'>veritatem</span> <span class='ocrx_word' id='word_1_256' title='bbox 1244 4648 1325 4694; x_wconf 89' lang='lat' dir='ltr'>sum</span> <span class='ocrx_word' id='word_1_257' title='bbox 1343 4637 1560 4722; x_wconf 86' lang='lat' dir='ltr'>compertus.</span> <span class='ocrx_word' id='word_1_258' title='bbox 1607 4622 1767 4696; x_wconf 79' lang='lat' dir='ltr'>Probent</span> <span class='ocrx_word' id='word_1_259' title='bbox 1784 4622 1896 4697; x_wconf 89' lang='lat' dir='ltr'>hoece</span> 
     </span>
     <span class='ocr_line' id='line_1_32' title="bbox 486 4742 1895 4845; baseline 0.006 -32"><span class='ocrx_word' id='word_1_260' title='bbox 486 4743 688 4840; x_wconf 83' lang='lat' dir='ltr'>permultae,</span> <span class='ocrx_word' id='word_1_261' title='bbox 705 4769 748 4815; x_wconf 85' lang='lat' dir='ltr'>ac</span> <span class='ocrx_word' id='word_1_262' title='bbox 764 4742 897 4842; x_wconf 87' lang='lat' dir='ltr'>partim</span> <span class='ocrx_word' id='word_1_263' title='bbox 915 4769 1053 4842; x_wconf 82' lang='lat' dir='ltr'>graves,</span> <span class='ocrx_word' id='word_1_264' title='bbox 1070 4744 1248 4818; x_wconf 88' lang='lat' dir='ltr'>variantes</span> <span class='ocrx_word' id='word_1_265' title='bbox 1271 4746 1457 4837; x_wconf 86' lang='lat' dir='ltr'>lectiones,</span> <span class='ocrx_word' id='word_1_266' title='bbox 1474 4759 1511 4818; x_wconf 89' lang='lat' dir='ltr'>et</span> <span class='ocrx_word' id='word_1_267' title='bbox 1522 4746 1661 4819; x_wconf 46' lang='lat' dir='ltr'>,criticae</span> <span class='ocrx_word' id='word_1_268' title='bbox 1683 4759 1789 4830; x_wconf 81' lang='lat' dir='ltr'>notae,</span> <span class='ocrx_word' id='word_1_269' title='bbox 1807 4774 1895 4845; x_wconf 89' lang='lat' dir='ltr'>quas</span> 
     </span>
     <span class='ocr_line' id='line_1_33' title="bbox 487 4864 1896 4970; baseline 0.007 -32"><span class='ocrx_word' id='word_1_270' title='bbox 487 4876 610 4938; x_wconf 87' lang='lat' dir='ltr'>nostro</span> <span class='ocrx_word' id='word_1_271' title='bbox 634 4864 749 4938; x_wconf 89' lang='lat' dir='ltr'>codici</span> <span class='ocrx_word' id='word_1_272' title='bbox 774 4893 873 4940; x_wconf 92' lang='lat' dir='ltr'>nunc</span> <span class='ocrx_word' id='word_1_273' title='bbox 895 4865 1022 4964; x_wconf 87' lang='lat' dir='ltr'>adjeci.</span> <span class='ocrx_word' id='word_1_274' title='bbox 1073 4867 1182 4942; x_wconf 89' lang='lat' dir='ltr'>Plura</span> <span class='ocrx_word' id='word_1_275' title='bbox 1205 4870 1428 4970; x_wconf 84' lang='lat' dir='ltr'>Flateyensis</span> <span class='ocrx_word' id='word_1_276' title='bbox 1448 4871 1603 4946; x_wconf 85' lang='lat' dir='ltr'>absurda</span> <span class='ocrx_word' id='word_1_277' title='bbox 1626 4871 1759 4946; x_wconf 89' lang='lat' dir='ltr'>menda</span> <span class='ocrx_word' id='word_1_278' title='bbox 1775 4888 1896 4948; x_wconf 88' lang='lat' dir='ltr'>nostro</span> 
     </span>
     <span class='ocr_line' id='line_1_34' title="bbox 489 4986 1897 5097; baseline 0.009 -37"><span class='ocrx_word' id='word_1_279' title='bbox 489 4989 540 5061; x_wconf 89' lang='lat' dir='ltr'>ita</span> <span class='ocrx_word' id='word_1_280' title='bbox 557 4986 784 5088; x_wconf 86' lang='lat' dir='ltr'>corriguntur</span> <span class='ocrx_word' id='word_1_281' title='bbox 795 5018 826 5064; x_wconf 89' lang='lat' dir='ltr'>e.</span> <span class='ocrx_word' id='word_1_282' title='bbox 838 5017 874 5090; x_wconf 87' lang='lat' dir='ltr'>g.</span> <span class='ocrx_word' id='word_1_283' title='bbox 892 4990 1045 5064; x_wconf 87' lang='lat' dir='ltr'>avdlln</span> <span class='ocrx_word' id='word_1_284' title='bbox 1052 5018 1099 5090; x_wconf 91' lang='lat' dir='ltr'>gs</span> <span class='ocrx_word' id='word_1_285' title='bbox 1116 4991 1163 5063; x_wconf 91' lang='lat' dir='ltr'>de</span> <span class='ocrx_word' id='word_1_286' title='bbox 1175 4991 1304 5084; x_wconf 89' lang='lat' dir='ltr'>Lokio,</span> <span class='ocrx_word' id='word_1_287' title='bbox 1317 5010 1358 5067; x_wconf 90' lang='lat' dir='ltr'>ut</span> <span class='ocrx_word' id='word_1_288' title='bbox 1371 4994 1416 5067; x_wconf 91' lang='lat' dir='ltr'>de</span> <span class='ocrx_word' id='word_1_289' title='bbox 1434 4996 1546 5069; x_wconf 93' lang='lat' dir='ltr'>nobili</span> <span class='ocrx_word' id='word_1_290' title='bbox 1564 4997 1729 5097; x_wconf 88' lang='lat' dir='ltr'>principe</span> <span class='ocrx_word' id='word_1_291' title='bbox 1747 4996 1897 5086; x_wconf 90' lang='lat' dir='ltr'>dictum,</span> 
     </span>
    </p>
   </div>
   <div class='ocr_carea' id='block_1_3' title="bbox 490 5107 1897 5219">
    <p class='ocr_par' dir='ltr' id='par_1_3' title="bbox 490 5107 1897 5219">
     <span class='ocr_line' id='line_1_35' title="bbox 490 5107 1897 5219; baseline 0.01 -40"><span class='ocrx_word' id='word_1_292' title='bbox 490 5134 575 5181; x_wconf 90' lang='lat' dir='ltr'>nam</span> <span class='ocrx_word' id='word_1_293' title='bbox 602 5107 632 5180; x_wconf 87' lang='lat' dir='ltr'>is</span> <span class='ocrx_word' id='word_1_294' title='bbox 660 5108 697 5180; x_wconf 92' lang='lat' dir='ltr'>in</span> <span class='ocrx_word' id='word_1_295' title='bbox 725 5109 837 5183; x_wconf 88' lang='lat' dir='ltr'>hacce</span> <span class='ocrx_word' id='word_1_296' title='bbox 866 5113 1087 5204; x_wconf 85' lang='lat' dir='ltr'>recensione,</span> <span class='ocrx_word' id='word_1_297' title='bbox 1113 5141 1180 5214; x_wconf 87' lang='lat' dir='ltr'>pro</span> <span class='ocrx_word' id='word_1_298' title='bbox 1206 5116 1351 5215; x_wconf 87' lang='lat' dir='ltr'>propria</span> <span class='ocrx_word' id='word_1_299' title='bbox 1378 5115 1512 5208; x_wconf 88' lang='lat' dir='ltr'>indole,</span> <span class='ocrx_word' id='word_1_300' title='bbox 1538 5117 1781 5219; x_wconf 76' lang='lat' dir='ltr'>Asa-dblgs</span> <span class='ocrx_word' id='word_1_301' title='bbox 1809 5119 1848 5217; x_wconf 89' lang='lat' dir='ltr'>(i.</span> <span class='ocrx_word' id='word_1_302' title='bbox 1865 5147 1897 5192; x_wconf 89' lang='lat' dir='ltr'>e.</span> 
     </span>
    </p>
   </div>
   <div class='ocr_carea' id='block_1_4' title="bbox 0 0 2596 6532">
    <p class='ocr_par' dir='ltr' id='par_1_4' title="bbox 0 0 2596 6532">
     <span class='ocr_line' id='line_1_36' title="bbox 0 0 2596 6532; baseline 0 0"><span class='ocrx_word' id='word_1_303' title='bbox 0 0 2596 6532; x_wconf 95' lang='lat' dir='ltr'> </span> 
     </span>
    </p>
   </div>
  </div>
 </body>
</html>
