5134 6534
1102 845 1150 920 al

387 1047 552 1136 noluerit,
579 1046 728 1146 virginis
760 1047 939 1120 continuis
971 1045 1156 1121 blanditiis
1186 1047 1330 1146 penitus
1361 1045 1545 1118 immotus.
1606 1045 1643 1119 Is
1669 1046 1716 1118 ob
1742 1044 1893 1119 eandem
1905 1047 2057 1123 QUAM

387 1197 531 1244 causam
546 1172 592 1243 ab
605 1197 648 1243 ea
663 1183 789 1270 postea
805 1194 872 1270 per
882 1168 1079 1243 Islandiam
1095 1182 1306 1269 persecutus
1320 1167 1401 1259 fuit,
1416 1180 1458 1240 ut
1474 1168 1622 1241 tandem
1643 1168 1817 1268 patientia
1837 1167 1899 1243 de-

386 1294 603 1385 stitueretur,
630 1306 667 1368 ct
691 1294 798 1367 istam
822 1294 931 1393 plaga
954 1293 1074 1366 baculi
1100 1293 1267 1367 afficeret.
1319 1293 1497 1392 Nympha
1523 1293 1644 1392 igitur,
1666 1293 1899 1366 vehementer

386 1418 487 1507 irata,
505 1417 590 1491 diris
613 1417 705 1492 votis
732 1417 867 1490 amasio
887 1416 1029 1516 ingrato
1052 1417 1220 1490 morbum
1240 1416 1493 1516 gravissimum
1511 1427 1548 1488 et
1564 1415 1714 1489 medicis
1732 1416 1897 1516 ignotum

385 1543 662 1643 imprecabatur,
676 1568 750 1639 quo
762 1539 826 1614 diu
838 1555 1001 1631 vexatus,
1016 1568 1036 1613 e
1051 1539 1162 1640 patris
1180 1539 1322 1640 Biargoe
1340 1540 1499 1640 benigno
1517 1539 1680 1629 consilio,
1697 1540 1898 1614 remedium

386 1665 534 1739 tandem
551 1665 656 1766 petiit
672 1677 710 1737 et
725 1666 877 1765 accepit,
894 1691 994 1738 sacra
1010 1664 1183 1737 nimirum
1202 1664 1460 1737 communione
1477 1665 1517 1738 in
1532 1665 1671 1764 templo
1689 1663 1899 1738 Breidabol-

385 1788 554 1880 stadensi,
564 1788 892 1888 (Rangawallensis
901 1789 1125 1888 toparchiae)
1140 1788 1202 1861 ubi
1216 1788 1310 1861 calix
1323 1787 1471 1885 quidam
1484 1801 1646 1862 vetustus
1659 1801 1695 1861 et
1708 1788 1899 1862 miraculo-

387 1939 445 1986 sus
463 1927 633 2003 servatur,
647 1940 757 2011 quem
770 1913 846 1986 Alfi
865 1911 983 1986 eidem
1000 1913 1139 2012 templo
1155 1910 1308 1985 donasse
1324 1911 1489 1985 feruntur
1506 1913 1572 1985 &c
1616 1912 1776 1986 Libellus
1794 1912 1898 1985 hicce

387 2036 592 2110 recentioris
606 2036 835 2111 Islandorum
849 2035 894 2110 de
905 2037 1000 2110 Aliis
1016 2036 1141 2136 (Angl.
1159 2033 1223 2135 effi
1237 2033 1334 2109 elaea
1349 2036 1431 2130 διο.)
1450 2036 1702 2135 superstitione
1720 2037 1898 2136 singulare

387 2161 510 2234 existit
526 2174 818 2234 monumentum.
852 2160 928 2256 (Cf.
945 2161 1010 2233 ΝΟ.
1023 2162 1059 2250 6,
1073 2158 1119 2256 (Ι.
1134 2192 1163 2232 κ.
1177 2159 1226 2254 λ.)
1241 2161 1302 2249 73,
1317 2173 1354 2232 et
1365 2161 1431 2258 pl.)
1469 2158 1654 2232 Ineditum
1670 2171 1708 2232 et
1724 2185 1857 2233 rarum.

364 2383 615 2458 Gsusnuoors
629 2383 733 2457 Jonae
750 2383 859 2474 Araei,
877 2384 1008 2458 Ultimi
1026 2383 1193 2458 Islandiae
1211 2383 1393 2461 Catholici
1411 2383 1600 2483 Episcopi,
1621 2381 1784 2480 (tandem
1801 2383 1900 2458 Scal-
1944 2372 2024 2471 58.

389 2508 492 2597 holti,
511 2534 596 2581 cum
622 2506 763 2581 duobus
787 2509 883 2599 filiis,
900 2508 1096 2604 decollati)
1124 2535 1206 2606 quse
1223 2509 1300 2605 ejus
1318 2523 1451 2600 atavos,
1470 2536 1491 2582 a
1507 2508 1662 2610 Sigurdo
1682 2509 1901 2584 Jafnericida
1961 2508 2008 2591 B.

389 2632 638 2728 (celeberrimo
661 2632 814 2705 borealis
839 2659 880 2705 ac
904 2632 1132 2707 Germanice
1153 2634 1341 2707 vetustatis
1359 2634 1495 2729 heroii)
1515 2646 1552 2707 et
1570 2645 1731 2733 posteros
1755 2660 1900 2732 quoque

389 2755 535 2852 (quibus
557 2756 706 2856 plurimi
728 2756 855 2830 insulae
878 2756 944 2830 viri
969 2757 1181 2831 celebriores
1205 2756 1413 2830 recentioris
1430 2757 1497 2831 aevi
1522 2755 1817 2856 adnumerantur)
1835 2785 1901 2858 per

389 2879 505 2952 multa
532 2892 724 2955 stemmata
752 2893 927 2955 recenset.
977 2880 1162 2980 Scriptum
1189 2882 1411 2956 rarissimum
1438 2894 1545 2980 atque
1572 2881 1762 2973 ineditum,
1788 2882 1900 2956 histo-

389 3002 471 3075 ricis
489 3004 797 3078 observationibus
814 3005 1044 3078 illustratum.

365 3249 616 3326 Gsusnuosm
632 3251 741 3324 Finni
753 3252 776 3326 J
779 3252 958 3343 ohannaei,
970 3253 1180 3353 Theologiae
1196 3253 1364 3327 Doctoris
1382 3269 1418 3326 et
1432 3254 1605 3354 Episcopi
1623 3253 1898 3328 Scalholtensis:
1945 3252 2026 3350 59

391 3375 630 3466 (celeberrimi
647 3376 805 3451 historice
822 3377 1073 3451 ecclesiasticae
1090 3375 1317 3451 Islandorum
1335 3379 1489 3451 auctoris
1502 3384 1527 3475 ι)
1545 3393 1582 3452 et
1598 3379 1720 3452 uxoris
1735 3378 1811 3475 ejus
1823 3378 1901 3453 Gu-
1958 3387 2009 3470 B,

389 3496 500 3572 dridae
517 3497 784 3574 Gislaviae-ab
802 3501 1061 3599 antiquissimis
1079 3515 1187 3600 atque
1208 3501 1362 3575 heroicis
1380 3502 1643 3602 septentrionis
1664 3504 1900 3602 temporibus,

391 3647 437 3696 ex
454 3623 601 3722 optimis
618 3622 779 3706 fontibus
797 3641 834 3698 et
850 3624 1026 3699 revisione
1047 3626 1261 3700 immortalis
1278 3625 1388 3700 Amae
1405 3626 1565 3726 Magnoei
1589 3627 1699 3721 (illius
1717 3626 1900 3724 quondam

390 3744 569 3844 magistri)
594 3744 640 3818 ad
664 3743 879 3820 hodiernum
904 3774 1019 3847 usque
1041 3761 1186 3849 tempus
1208 3747 1375 3839 deducta,
1392 3775 1457 3849 per
1472 3748 1679 3822 Johannem
1698 3746 1901 3837 Finnaeum,

390 3869 589 3942 Ductorem
611 3868 833 3968 Theologiae,
850 3883 888 3942 et
904 3871 1015 3970 patn's
1038 3871 1171 3946 laudati
1196 3872 1235 3945 in
1257 3873 1481 3972 Episcopatu
1503 3871 1743 3946 Scalholtensi
1762 3897 1902 3944 succes-

392 4018 520 4083 sorem,
535 4019 619 4066 cum
639 3990 761 4065 indice
777 4019 1012 4092 personarum
1032 3995 1193 4069 maxime
1206 3996 1510 4084 memorabilium,
1524 4008 1561 4068 et
1580 3994 1780 4094 appendice
1798 3997 1902 4068 tabu-

390 4115 506 4188 larum
524 4115 849 4216 genealogicarum.
896 4116 1015 4190 Manu
1032 4117 1203 4191 Haldoris
1220 4119 1357 4192 Finnaei
1377 4118 1547 4211 (auctoris
1564 4117 1696 4217 fratris)
1713 4117 1899 4219 Praepositi

391 4237 597 4336 Myrensis;
625 4241 671 4313 ab
688 4265 732 4312 eo
749 4237 898 4337 quidem
915 4241 1030 4314 revisa
1046 4251 1084 4313 et
1101 4254 1216 4314 aucta.
1250 4242 1400 4316 Insertae
1420 4257 1505 4316 sunt
1521 4243 1786 4318 Annotationes
1804 4269 1901 4340 quae-

392 4358 476 4433 darn
499 4363 732 4464 autographae
748 4361 946 4437 doctissimi
969 4365 1099 4466 Magni
1117 4366 1270 4458 Ketillii,
1288 4367 1453 4440 Praetoris
1476 4367 1655 4441 Delensis.
1708 4366 1817 4457 (Haec
1839 4394 1901 4466 ge-

393 4485 556 4585 nealogia
572 4488 771 4588 praecipuas
789 4487 1016 4564 Islandorum
1034 4503 1071 4563 et
1087 4491 1219 4565 multas
1238 4491 1345 4564 simul
1361 4491 1470 4591 prisci
1488 4491 1750 4591 Septentrionis
1767 4491 1897 4591 princi-

390 4633 481 4707 pum
500 4635 541 4681 ac
559 4609 710 4684 heroum
727 4611 882 4687 familias
899 4614 1180 4714 complectitur.)
1234 4615 1396 4688 Unicum
1414 4615 1465 4688 ita
1481 4614 1639 4689 existens
1657 4616 1854 4715 exemplar.

369 4854 618 4930 Grusnuoom
636 4857 737 4957 Mag.
753 4859 858 4934 Jonae
873 4861 1010 4952 Arnaei,
1027 4861 1200 4962 Episcopi
1224 4862 1494 4955 Scalholtensis,
1512 4890 1534 4936 a
1550 4862 1759 4937 doctissimo
1776 4863 1902 4936 Histo-
1941 4857 2026 4957 60

393 4980 481 5069 rico,
495 4979 591 5055 Jona
607 4979 795 5080 Espolino,
812 4983 967 5060 Proetore
984 4984 1282 5085 Sksgafiordense
1300 5000 1455 5061 exarata.
1488 4987 1769 5088 Autographum
1786 4987 1900 5060 inedi-
1921 4993 1973 5075 A,
1994 4994 2046 5076 D,
