5134 6534
1429 843 1479 916 14

522 1052 675 1128 Quaero.
734 1079 765 1118 α.
793 1043 965 1118 Renoua
982 1067 1003 1115 a
1013 1043 1199 1140 judicibus
1216 1042 1461 1135 observande,
1478 1057 1515 1118 et
1530 1045 1635 1144 plura
1650 1045 1725 1120 huc
1741 1045 1971 1146 pertinentia.

558 1157 639 1266 27.
733 1177 769 1256 β.
795 1166 1031 1242 Sacerdotum
1048 1167 1179 1258 officia,
1190 1167 1275 1265 jura
1291 1179 1328 1239 et
1343 1167 1543 1267 privilegia.

574 1293 623 1374 A.
732 1325 765 1389 γ.
792 1294 849 1366 De
866 1317 1067 1391 pauperum
1084 1290 1283 1391 privilegiis
1300 1304 1338 1364 et
1355 1292 1627 1366 sustentatione.

832 1414 970 1492 Omnia
988 1441 1064 1488 rara
1080 1428 1117 1487 et
1134 1415 1281 1506 inedita,
1298 1416 1504 1514 exemplare
1520 1428 1663 1490 vetusto
1681 1430 1864 1516 congesta.

559 1647 639 1746 28
683 1659 796 1732 Fnsrrr
814 1658 1205 1758 Sigurdini,Acrensis,
1220 1660 1303 1733 Fori
1322 1658 1540 1736 Communis
1557 1661 1725 1736 Islandiae
1740 1662 1953 1753 Assessoris,
1964 1662 2159 1737 Discursus
2175 1664 2221 1737 de

574 1784 622 1865 Α,
705 1783 911 1857 actionibus
929 1810 1119 1858 causarum
1139 1783 1355 1884 (Meining
1378 1812 1447 1858 um
1465 1785 1771 1885 Lagasc'rlrnir)‚
1789 1813 1931 1861 annexa
1947 1788 2112 1887 epistola,
2127 1787 2222 1885 ejus-

708 1908 792 1982 dem
820 1910 1023 2008 argumenti
1050 1908 1094 1983 ad
1120 1909 1396 2008 Eggerhardum
1423 1909 1677 2000 Biomonium‚
1705 1911 1811 1990 1678.
1862 1910 2005 2010 Scripta
2028 1911 2221 2001 rarissima,

708 2059 823 2130 quum
840 2059 910 2105 nec
928 2032 1006 2122 ista,
1025 2058 1092 2104 nec
1116 2058 1242 2106 eorum
1260 2046 1396 2123 auctor,
1413 2033 1452 2105 in
1469 2031 1704 2135 Sciagraphia
1719 2033 1890 2108 Historiae
1908 2035 2090 2108 Literariae
2107 2035 2221 2110 Islan-

707 2156 798 2229 dicre
823 2170 1164 2229 commemorentur.
1208 2156 1408 2256 Exemplar
1432 2157 1625 2256 optimum,
1644 2183 1755 2232 manu
1774 2156 1878 2232 Jonae
1901 2156 2081 2248 Martinii,
2098 2185 2221 2233 exara-

708 2294 800 2354 tum.
826 2279 980 2354 Inedita.

558 2515 638 2615 29.
681 2529 906 2603 Eonurruan
924 2528 1150 2628 Scriptorum
1162 2527 1293 2603 Versio
1310 2527 1451 2618 Latine,
1466 2553 1577 2600 manu
1592 2527 1696 2602 Jonae
1712 2528 1877 2603 Martinii
1895 2540 1943 2618 et,
1954 2542 1995 2602 ut
2008 2528 2160 2618 videtur,
2176 2529 2221 2603 ab

542 2651 589 2732 Β,
610 2651 658 2732 Ε,
707 2649 786 2747 ipso
802 2663 959 2739 exarata,
978 2660 1085 2746 atque
1103 2648 1290 2748 exemplar
1305 2649 1456 2722 unicum
1468 2649 1549 2745 jam
1565 2649 1736 2723 existens.
1779 2649 1976 2724 Ineditum.

554 2881 637 2978 30
681 2891 817 2965 Maeui
837 2891 1016 2965 Johannis
1040 2892 1097 2964 vel
1120 2891 1236 2965 Jonaei
1264 2891 1395 2990 (Patris
1418 2892 1644 2966 celeberrimi
1661 2893 1771 2966 Amae
1794 2891 1955 2991 Megnaei
1977 2905 2014 2964 et
2029 2892 2221 2983 Johannis,

571 3016 623 3097 A.
705 3016 762 3088 vel
777 3014 881 3088 Jonae
898 3015 1071 3115 Magnaei,
1089 3015 1194 3114 cujus
1209 3001 1371 3117 plurima
1385 3015 1545 3114 juridica
1569 3017 1702 3117 scripta
1724 3016 1786 3090 hic
1808 3016 2221 3113 recitanturl-Disqui-

707 3139 789 3212 sitio
805 3139 851 3211 de
868 3139 1107 3213 Hoereditario
1122 3140 1223 3232 Jure,
1241 3139 1483 3240 gradibusque
1506 3139 1643 3216 ibidem
1667 3139 1968 3230 occurrrentibus,
1994 3142 2100 3219 1675.
2147 3141 2222 3215 Ex-

707 3267 846 3366 emplar
862 3266 1057 3367 optimum,
1074 3293 1187 3340 manu
1201 3267 1305 3341 Jonoe
1319 3266 1497 3340 Martinii.
1533 3264 1730 3340 Ineditum.

553 3503 635 3600 31.
683 3516 868 3591 Erusnuu
904 3513 1119 3589 Dissertatio
1153 3513 1198 3587 de
1227 3515 1447 3590 Actionibus
1484 3514 1686 3591 Causarum
1723 3511 1769 3586 ad
1803 3513 1959 3613 primam
1995 3514 2219 3588 instantiam.

570 3640 619 3720 A.
706 3639 906 3739 Exemplar
945 3638 1297 3739 prestantissimum
1333 3663 1445 3712 manu
1485 3639 1589 3712 Jonae
1630 3636 1797 3711 Martinii
1840 3650 2048 3718 exaratum„
2099 3637 2221 3710 Inedi-

706 3777 798 3837 tum.

554 4006 636 4103 32,
682 4015 912 4090 Cnnrsrraur
927 4014 1074 4088 Miilleri
1092 4012 1239 4112 (Danici
1253 4009 1421 4085 Islandiae
1435 4009 1615 4106 Praefecti)
1631 4023 1668 4083 et
1684 4012 1859 4112 (proprie)
1873 4009 2097 4084 celeberrimi
2111 4009 2220 4084 Arne

570 4142 619 4222 Α,
706 4133 867 4232 Magnaei
882 4132 962 4226 (suo
973 4151 1009 4207 et
1019 4134 1122 4208 Pauli
1132 4132 1295 4209 Vidalini
1313 4133 1477 4231 nomine)
1495 4131 1767 4232 Compendium
1782 4131 1955 4206 Historiae
1966 4130 2064 4205 Juris
2077 4130 2220 4204 Veteris

706 4255 902 4355 Norvegici
925 4273 963 4330 et
985 4258 1169 4348 lslandici‚
1186 4259 1232 4330 ab
1259 4282 1356 4330 anno
1383 4257 1489 4347 1274,
1507 4282 1591 4329 cum
1618 4255 1751 4329 criticis
1777 4256 1872 4329 circe
1894 4254 2095 4354 praecipuos
2113 4254 2220 4355 Legis

706 4378 896 4454 Islandicoe
913 4381 1055 4456 codices
1071 4380 1525 4480 observationibus-Regi
1541 4379 1734 4454 Frederico
1751 4391 1890 4477 quarto,
1905 4391 2002 4451 certa
2019 4380 2219 4470 occasione,

707 4503 913 4580 dedicatum
936 4508 1042 4586 1709.
1073 4507 1225 4581 Danice.
1272 4506 1539 4608 Apographum
1559 4505 1672 4606 ipsius
1689 4504 1873 4604 originalis
1897 4505 2219 4596 accuratissimum,

707 4654 754 4700 ex
771 4629 951 4730 adscripto
966 4629 1070 4705 Jonoe
1087 4631 1253 4706 Martinii
1270 4642 1308 4704 et
1326 4630 1371 4705 C.
1386 4629 1532 4702 Miilleri
1549 4629 1770 4703 testimonio.
1809 4627 1992 4702 Ineditum
2011 4655 2053 4703 ac
2071 4629 2216 4728 quidem

707 4753 941 4827 rarissimum.
986 4754 1046 4829 cf.
1064 4781 1171 4855 supra
1189 4755 1255 4827 N0.
1277 4756 1334 4844 14,
1351 4762 1388 4841 β.
1406 4765 1443 4826 et
1464 4754 1521 4844 18,
1538 4753 1577 4826 it.
1595 4755 1656 4843 35,
1674 4753 1734 4824 36.

554 4998 636 5097 33,
680 4996 945 5071 Tnauscsrm
961 5022 1140 5089 verum,
1157 5026 1178 5071 e
1198 4997 1411 5072 Protocollis
1435 4996 1515 5070 Fori
1535 4993 1723 5068 Generalis
1741 4993 1920 5085 Islandiae,
1938 4996 1984 5067 ab
2006 5020 2102 5067 anno
2125 4995 2215 5068 1631

574 5134 620 5216 Ο,
707 5123 752 5198 ad
770 5151 908 5200 annum
929 5127 1036 5216 1660,
1055 5128 1156 5225 (cum
1174 5122 1391 5224 legislatoris
1407 5123 1519 5221 ipsius
1537 5120 1729 5194 auctoritas
1746 5119 1813 5193 rite
1831 5119 2012 5212 cessaret.)
