5134 6534
1093 864 1142 944 17

420 1067 516 1141 mnis
540 1067 605 1140 filii
631 1067 748 1164 (cujus
769 1079 884 1167 pater,
908 1063 1053 1155 Snorrn,
1077 1063 1197 1137 officio
1220 1062 1315 1164 godi
1339 1063 1413 1136 sive
1437 1063 1585 1136 antistes
1607 1062 1674 1136 fori
1695 1085 1738 1136 ac
1753 1064 1881 1166 templi
1891 1070 2042 1148 Quaero.

419 1191 650 1292 provincialis
667 1189 816 1279 ethnici,
831 1189 869 1261 in
883 1187 1131 1286 Eyrbyggia
1148 1199 1255 1284 atque
1273 1185 1351 1259 aliis
1368 1186 1551 1286 impressis
1564 1184 1791 1261 Islandorum
1809 1188 1882 1262 his-

417 1312 518 1387 toriis
541 1312 751 1386 celebratur.
802 1308 944 1383 Heldor
971 1323 1092 1382 noster
1116 1309 1276 1407 alioquin
1299 1309 1393 1382 inter
1418 1308 1631 1382 fortissimos
1654 1309 1806 1383 Haraldi
1826 1311 1882 1385 Si-

419 1435 495 1510 dini
523 1436 656 1510 milites
685 1437 725 1509 in
756 1434 972 1535 Byzantinis
1005 1434 1078 1508 sive
1106 1434 1320 1534 Varangicis
1352 1433 1642 1535 expeditionibus
1674 1450 1881 1509 numeratus

418 1560 557 1646 fuerat3
586 1561 631 1634 cf.
650 1586 757 1660 supra
774 1560 839 1632 ΝΟ.
858 1561 893 1650 6,
909 1559 957 1649 Α,
975 1566 1011 1645 β.
1047 1557 1200 1633 Inedita.

395 1692 432 1771 β.
459 1688 574 1776 bsattr
595 1684 640 1758 af
656 1683 860 1783 Hemingi
882 1683 1160 1783 Asltikssyni:
1187 1683 1393 1756 “Narratio
1416 1696 1519 1756 vetus
1543 1682 1588 1756 de
1611 1683 1798 1784 Hemingo
1814 1684 1883 1757 As-

421 1810 530 1882 “laci
557 1808 643 1895 filio,
671 1807 872 1906 Norveg0,''
897 1807 960 1904 qui
986 1835 1007 1880 a
1032 1809 1132 1907 Rege
1158 1805 1321 1880 Haraldo
1345 1806 1539 1906 Sigurdino
1563 1807 1695 1904 injuste
1720 1819 1882 1899 vexatus,

419 1933 591 2034 Angliam
608 1933 726 2033 petiit,
737 1949 774 2004 et
791 1944 916 2005 contra
932 1933 1051 2032 ipsum
1069 1933 1108 2006 in
1123 1932 1247 2032 proelio
1264 1931 1485 2005 Eboracensi
1504 1931 1617 2029 (quod
1635 1932 1696 2005 hic
1713 1931 1883 2006 describi-

418 2063 492 2154 tur)
512 2058 588 2157 regi
604 2057 716 2148 fatali,
733 2057 921 2157 pugnavit,
939 2084 1035 2131 anno
1057 2058 1162 2131 1066.
1194 2056 1346 2130 Inedita.

393 2215 425 2278 γ.
444 2183 559 2274 βᾶῐῒν
576 2180 623 2253 af
635 2180 837 2281 burgrimi
858 2181 1102 2281 Hallasyni,
1116 2181 1330 2280 Kolgrimi
1347 2207 1395 2254 oc
1410 2181 1552 2282 Illuga
1566 2180 1880 2280 Islendingumt

419 2316 441 2349 “
456 2306 599 2382 Relatio
614 2306 660 2378 de
673 2307 892 2405 Thorgrimo
904 2306 1323 2406 Halliifili0,Colg1imo
1340 2320 1376 2378 et
1388 2306 1521 2405 lllugio
1533 2305 1720 2397 Islandis,”
1735 2307 1821 2402 (sec.
1839 2307 1882 2379 10

419 2444 456 2504 et
478 2433 549 2526 11.)
588 2431 784 2504 Rarissima
801 2444 838 2503 et
853 2430 1000 2504 inedita.
1044 2431 1198 2528 (Omnia
1214 2444 1379 2505 accurate
1398 2432 1557 2532 scripta.)

345 2681 659 2754 Onssnvarrouns
674 2680 820 2755 Critioae
836 2693 873 2752 ct
887 2679 1165 2779 Chronologicae
1179 2681 1217 2753 in
1231 2690 1421 2777 sequentes
1436 2691 1574 2752 veteres
1587 2679 1752 2752 Islandioe
1769 2679 1882 2753 histo-
1925 2656 2006 2754 46.

369 2803 463 2875 rias:
489 2827 524 2876 a.
545 2803 937 2904 Eyrbyggia·Saga,
962 2802 995 2877 b.
1017 2803 1224 2895 Laxdaela,
1247 2828 1278 2877 c.
1300 2803 1635 2904 Grettirs-Saga,
1658 2818 1706 2894 et,
1723 2803 1760 2876 d.
1783 2805 1882 2879 Cor·
1910 2790 1958 2871 Β.
1977 2792 2029 2874 D.

369 2928 628 3028 maes-Saga,
645 2955 737 3028 opus
749 2930 860 3004 totius
877 2930 985 3028 prisci
1004 2929 1266 3030 Septentrionis
1285 2929 1529 3029 chronologiae
1545 2930 1753 3003 inserviens
1784 2930 1882 3004 Auc-

368 3067 446 3125 tore
466 3053 585 3126 Finno
602 3053 815 3144 Johannae0,
832 3055 1066 3128 celeberrimo
1083 3067 1121 3127 et
1137 3053 1346 3129 doctissimo
1369 3054 1611 3129 Sealholtensi
1628 3054 1825 3154 Episcopo,
1846 3067 1882 3126 et

369 3176 446 3272 ejus
464 3175 611 3273 quidem
629 3177 917 3278 autographum:
947 3179 1184 3272 (rarissimum
1202 3193 1239 3251 et
1254 3177 1461 3276 ineditum.)

345 3422 467 3500 Konr
482 3424 728 3523 Fortegnebe
743 3451 829 3500 over
845 3426 892 3501 de
908 3425 1178 3526 Exemplorum
1193 3428 1248 3526 of
1253 3425 1317 3501 det
1330 3437 1429 3500 storo
1447 3426 1665 3502 Chronico
1682 3423 1880 3499 Islandiae
1924 3395 2006 3505 47·
2036 3513 2038 3518 ,

369 3548 496 3624 haldo
519 3550 927 3652 lslendinga·Sagan
959 3552 1103 3642 milrla,
1126 3550 1219 3625 eller
1249 3550 1626 3650 Sturlunga-Saga,
1651 3548 1772 3624 baille
1796 3574 1881 3623 man
1906 3531 1954 3612 Β-
1977 3533 2028 3615 D·

370 3671 463 3748 need
484 3697 534 3770 og
557 3673 712 3769 hender
741 3672 827 3749 med
853 3674 1011 3775 1οῇῴοί
1034 3674 1223 3776 eenfhldig
1245 3675 1521 3772 Anmaerlming
1549 3699 1605 3748 om
1630 3672 1701 3746 den
1725 3672 1882 3746 Fortro-

371 3795 500 3894 lighed
519 3822 604 3871 mon
627 3799 701 3872 lan
725 3809 827 3873 nette
850 3797 897 3872 til
915 3799 1080 3887 denmm
1097 3806 1151 3900 ns
1163 3801 1245 3873 sine
1266 3798 1571 3896 detaenkvoerdtge
1592 3795 1882 3893 Omataendighe-

371 3918 449 3994 der.
476 3921 634 4012 Hafniae,
655 3921 760 4002 1755.
779 3923 971 4020 (Danicez)
1004 3925 1028 3997 i.
1052 3949 1084 3996 e.
1107 3923 1344 3997 Enumeratio
1369 3939 1406 3995 et
1432 3923 1570 3998 Critica
1595 3922 1782 3996 Diseussio
1808 3921 1881 3996 Co-

372 4044 492 4120 dicum
524 4046 793 4145 Praecipuorum
825 4046 1001 4121 Chronici
1030 4046 1152 4145 magni
1180 4045 1358 4137 Islandiae,
1386 4045 1473 4119 dicti
1504 4044 1880 4145 Sturlfinga-Saga,

375 4191 458 4238 curn
477 4166 571 4239 notis
594 4163 890 4239 antecedentibus
913 4178 951 4238 et
971 4167 1280 4241 observationibus
1297 4167 1523 4266 generalibus
1539 4167 1579 4239 in
1596 4166 1728 4239 similia
1746 4165 1881 4239 Manu-

373 4285 516 4384 scripta.
560 4285 721 4358 Auctore
738 4285 884 4359 laudato
899 4285 994 4361 Jona
1016 4287 1203 4379 Martinio,
1220 4288 1309 4361 olim
1333 4287 1574 4387 Stipendiario
1590 4287 1879 4387 AmeMagnae-

372 4435 452 4482 ano.
484 4409 765 4510 Autograpbum
783 4422 891 4507 atque
907 4411 1058 4485 unicum
1076 4412 1167 4486 forte
1178 4413 1258 4510 jam
1276 4413 1435 4487 existens
1453 4415 1639 4514 exemplar
1656 4414 1796 4513 scripti:
1826 4415 1878 4513 (in

371 4533 582 4634 Sciagraph.
601 4533 698 4608 Hist.
716 4533 786 4607 Lit.
805 4533 973 4608 lalandiae
990 4563 1065 4609 non
1087 4539 1303 4634 memorati.)
1359 4538 1525 4631 Accedit,
1543 4541 1589 4612 ab
1611 4539 1739 4613 eodem
1765 4553 1880 4613 trans-

373 4657 517 4758 scripta,
542 4656 763 4754 (Islandice,)
788 4658 1003 4757 Disquisitio
1025 4659 1071 4734 de
1095 4661 1410 4762 Sturlunga-Sagae
1438 4661 1612 4737 divisione
1641 4665 1680 4736 in
1709 4663 1879 4737 undecim

370 4793 502 4879 partes,
520 4778 641 4854 addita
657 4781 821 4856 Martinii
839 4783 982 4856 Danica
997 4783 1194 4858 Versione:
1224 4784 1409 4883 (Inedita.)

348 5020 466 5097 Genu
476 5021 657 5097 Johannei
667 5022 829 5099 Videlini
843 5023 971 5117 (Primi
983 5031 1094 5102 totius
1105 4975 1271 5103 Islandise
1284 5031 1484 5104 reformatae
1498 5031 1680 5131 religionis
1690 5032 1878 5135 Episcopi)
1922 5010 2003 5113 48.

373 5145 585 5220 Dissertatio
608 5144 653 5220 de
672 5146 912 5223 Ameriea‘ab
934 5150 1088 5226 Islandis
1111 5167 1194 5228 ente
1217 5154 1443 5231 Columbum
1466 5154 1619 5247 detecta,
1641 5156 1719 5255 (ubi
1735 5143 1877 5245 Torfaei,
1900 5147 1950 5230 Β.
1973 5151 2025 5233 D.

1100 5301 1126 5351 n
