5134 6534
1409 823 1464 900 88

514 1029 656 1096 Octavo
723 1027 879 1112 w-17.
905 1024 963 1100 De
979 1023 1100 1101 Variis
1117 1024 1418 1100 Inclinationibus
1436 1037 1474 1100 et
1488 1023 1609 1101 Vitiis.

556 1115 609 1180 &⁰¹
722 1155 778 1228 18.
804 1153 862 1227 De
880 1150 1142 1227 Informatione
1159 1148 1288 1226 Gentis
1305 1148 1494 1226 Islandicae
1510 1149 1679 1250 generali.

723 1279 778 1353 19.
803 1275 992 1353 Virtutum
1009 1273 1272 1374 praecipuarum
1293 1273 1574 1374 Descriptiones.

719 1403 780 1478 20.
807 1401 864 1477 De
880 1397 1153 1473 Taciturnitate.

720 1527 780 1600 21.
807 1523 1003 1601 Instructio
1019 1519 1178 1597 Studiosi
1195 1519 1376 1597 Islandici.

721 1652 781 1724 22.
806 1647 1003 1724 Paraenesis
1020 1646 1188 1722 Isocratis
1205 1645 1250 1720 ad
1267 1645 1525 1736 Demonicum,
1539 1645 1578 1718 in
1591 1643 1770 1744 Linguam
1787 1644 2005 1724 Islandicam
2022 1651 2203 1725 translata.

721 1778 781 1850 23.
808 1775 1002 1874 Excerpta,
1018 1773 1039 1845 ὲ
1055 1772 1202 1849 Valerio
1219 1772 1386 1846 Maximo
1401 1770 1584 1845 translata.

722 1902 783 1974 24.
809 1898 993 2000 Scriptum
1020 1895 1198 1974 Desiderii
1223 1896 1365 1971 Erasmi
1388 1893 1642 1970 Roterodami:
1668 1895 1725 1970 De
1751 1891 1935 1972 Civilitate
1957 1896 2107 1972 Morum
2132 1899 2203 1974 Pu-

746 2023 902 2113 erilium,
919 2020 1110 2096 Islandice.

722 2150 783 2222 25.
807 2146 987 2222 Johannis
1020 2145 1166 2247 Sulpitii
1198 2145 1353 2220 poema:
1390 2145 1448 2221 De
1482 2145 1650 2220 Moribus
1680 2146 1905 2226 Mensalibus
1932 2147 2144 2241 Puerorum,
2166 2149 2205 2222 in

748 2271 928 2371 Linguam
946 2269 1163 2344 Islandicam
1179 2270 1404 2344 translatum.

724 2398 784 2472 26.
809 2397 868 2471 De
884 2394 1108 2471 Educatione
1124 2394 1345 2486 Puellarum,
1367 2395 1422 2494 (in
1438 2392 1623 2492 Islandia.)

724 2521 784 2601 27.
810 2518 929 2596 Variae
946 2519 1252 2593 Ratiocinationes
1269 2519 1464 2593 Humanae.

724 2646 785 2719 28.
811 2642 1201 2742 Ordsqvidaklafi:
1228 2643 1252 2717 i.
1270 2670 1302 2717 e.
1322 2642 1501 2719 Collectio
1516 2640 1740 2744 Adagiorum
1763 2643 2037 2735 blandientum,
2054 2671 2075 2718 a
2091 2646 2204 2718 celeb.

750 2767 923 2844 Gunnare
948 2766 1051 2842 Pauli
1076 2780 1114 2840 et
1137 2767 1283 2842 laudato
1306 2767 1523 2842 Thorsteino
1549 2767 1686 2842 Petraeo
1713 2769 1950 2854 concinnata3
1978 2795 2063 2842 cum
2089 2769 2206 2842 Intro-

750 2892 922 2969 ductione
948 2890 993 2964 de
1021 2892 1135 2966 hocce
1167 2893 1357 2967 literaturae
1390 2918 1521 2992 genere
1546 2903 1696 2992 agente:
1733 2891 1857 2966 ordine
1882 2892 2111 2993 alphabetico
2136 2892 2207 2966 dis-

749 3018 879 3118 posita.

726 3144 785 3216 29.
813 3139 976 3218 Consilia
998 3139 1125 3230 Utilia,
1141 3139 1162 3213 e
1177 3139 1324 3214 Fabulis
1346 3139 1528 3240 AEsopicis
1550 3150 1722 3230 extracta,
1738 3136 1913 3214 Versibus
1938 3138 2126 3214 Islandicis
2152 3143 2207 3214 in-

751 3266 863 3357 clusa,
886 3277 923 3338 et
951 3265 990 3339 in
1018 3263 1181 3338 ordinem
1213 3261 1668 3366 alphabeticum'redacta,
1693 3290 1715 3337 a
1743 3261 1967 3338 Gudmundo
1997 3263 2206 3356 Erlendino,

751 3389 936 3490 quondam
955 3390 1119 3465 Parocho
1135 3389 1292 3464 Fellensi
1308 3391 1347 3464 in
1363 3391 1499 3464 boreali
1516 3388 1682 3464 Islandiae
1698 3402 1811 3491 parte.

727 3516 787 3590 30.
813 3516 947 3590 Praeter
970 3517 1086 3618 plura.
1137 3515 1276 3591 Omnia
1298 3515 1435 3591 inedita
1456 3529 1493 3590 et
1513 3515 1704 3590 rarissima.
1751 3515 1860 3589 Liber
1882 3514 1985 3590 hicce
2008 3515 2206 3589 maximam

751 3653 892 3741 partem
914 3642 1067 3715 auctoris
1088 3641 1140 3734 (et
1157 3641 1372 3740 collectoris)
1397 3654 1452 3715 est
1471 3642 1749 3742 autographum,
1773 3641 1938 3739 quamvis
1963 3639 2091 3714 ultima
2109 3638 2206 3725 folia,

751 3779 899 3867 propter
915 3765 1026 3867 ipsius
1044 3765 1243 3840 caecitatem
1257 3779 1294 3840 et
1308 3779 1544 3857 senectutem,
1558 3766 1674 3841 aliena
1686 3791 1798 3839 manu
1811 3764 1884 3838 sint
1897 3781 2052 3838 exarata.
2086 3763 2207 3839 Multa

753 3889 825 3964 hoe
842 3889 967 3965 codice
984 3902 1155 3965 contenta
1171 3891 1233 3965 vix
1248 3889 1334 3964 alibi
1352 3891 1523 3966 existunt.

1366 4161 1530 4237 Poe'tica.

540 4360 651 4459 100
680 4349 930 4438 Hlvsasln:
956 4359 981 4432 i.
998 4386 1031 4434 e.
1047 4361 1206 4436 Carmen
1223 4361 1382 4453 Excelsi,
1398 4361 1422 4436 i.
1433 4387 1465 4435 e.
1484 4359 1616 4436 Odini:
1640 4361 1726 4436 Pars
1744 4359 1856 4436 Eddae
1872 4359 2118 4459 Antiquioris3
2145 4387 2208 4437 ex·

574 4496 618 4578 C,
705 4487 845 4589 emplar
859 4497 1042 4562 vetustum
1061 4487 1260 4589 (impressis
1277 4485 1493 4562 editionibus
1511 4513 1586 4560 non
1603 4486 1835 4583 adhibitum.)

540 4859 586 4941 C.
606 4857 657 4940 D.
705 4858 763 4932 vel
779 4856 1025 4959 Nibelungici,
1044 4859 1204 4934 Carmen
1220 4860 1540 4962 elegantissimum,
1556 4887 1623 4963 pro
1639 4857 1752 4934 Eddoe
1767 4856 1992 4957 Antiquioris
2012 4857 2211 4958 appendice

708 4981 844 5071 valens,
872 4982 1095 5057 celeberrimi
1125 4981 1308 5059 Gunnaris
1337 4984 1440 5060 Pauli
1471 4985 1550 5086 (qui
1576 4985 1600 5061 ἃ
1625 4980 1841 5083 quibusdam
1869 5008 1936 5083 pro
1961 4981 2039 5080 ejus
2066 4992 2210 5057 auctore

708 5105 878 5206 habetur)
898 5130 1009 5180 manu
1025 5106 1170 5207 propria
1186 5120 1384 5184 exaratum.
