5134 6534
1095 869 1144 943 13

425 1068 628 1168 choeologos
643 1082 680 1142 et
700 1069 902 1143 Historicos
920 1069 1084 1146 habetur.
1126 1071 1326 1170 Exemplar
1342 1085 1538 1163 vetustum,
1555 1073 1720 1172 plurimis
1738 1074 1829 1165 aliis,
1846 1077 2046 1153 thuanro.
2131 1083 2133 1088 '

424 1192 577 1285 videtur,
596 1196 833 1295 completius:
859 1195 1011 1269 Inedita.

400 1326 437 1405 β.
456 1319 750 1394 Commentarius
763 1319 802 1393 in
815 1318 915 1392 Libri
929 1319 1070 1419 Legum
1081 1321 1261 1413 Islandiae,
1272 1321 1360 1396 dicti
1377 1321 1512 1395 Mann
1536 1321 1666 1421 helgi,
1688 1324 1805 1418 (sacra
1820 1324 1887 1398 ho-
1949 1307 1995 1388 B·

425 1445 534 1517 minis
545 1445 629 1542 jura
640 1445 697 1519 vel
714 1445 929 1544 privilegia)
947 1445 1070 1546 Caput
1083 1445 1293 1521 Secundum
1308 1446 1368 1540 (de
1383 1447 1595 1520 criminibus
1610 1445 1837 1547 capitalibus,
1850 1462 1887 1520 et

425 1568 580 1642 ethnicis
597 1567 1123 1668 superstitionibus-allegatis
1149 1569 1404 1643 celebrioribus
1428 1569 1565 1667 aliquot
1587 1568 1754 1643 Islandiae
1771 1571 1887 1644 causis

424 1693 637 1766 forensibus.
688 1691 848 1765 Auctore
865 1691 1027 1766 Haldore
1043 1693 1307 1793 Thorbergino,
1325 1695 1412 1766 olim
1425 1692 1550 1789 judice
1567 1692 1779 1793 provinciali
1797 1694 1888 1768 Ska-

427 1815 653 1918 gafiordensi.
704 1816 868 1890 Ineditus
893 1827 931 1889 et
955 1817 1168 1890 rarissimus.
1223 1817 1371 1912 (Primis
1398 1816 1540 1917 paginis
1566 1817 1674 1914 hujus
1701 1843 1888 1890 commen-

425 1941 519 2031 tarii,
536 1941 574 2013 in
592 1939 755 2039 margine
772 1939 950 2031 inferiore,
969 1953 1054 2013 sunt
1071 1939 1201 2014 additae
1219 1941 1406 2014 sententiae
1422 1967 1469 2014 ex
1487 1940 1643 2038 antiquis
1661 1939 1887 2015 lslandorum

426 2067 583 2141 historiis
600 2079 638 2140 et
654 2065 744 2155 aliis,
761 2064 1003 2138 verisimiliter
1019 2091 1040 2137 a
1057 2065 1213 2155 librario,
1231 2091 1306 2138 non
1324 2065 1497 2160 auctore.)

352 2355 383 2394 α.
408 2319 665 2392 Tuonsrmms
690 2313 864 2412 Magnaei,
888 2312 1113 2385 celeberrimi
1137 2313 1192 2384 sui
1220 2312 1394 2411 temporis
1413 2310 1667 2386 Jurisconsulti
1694 2310 1890 2383 Illustratio
1934 2285 2014 2383 23.

377 2445 539 2517 locorum
558 2438 799 2513 difficilimum
817 2437 940 2537 legum
957 2435 1231 2528 Islandicarum,
1249 2436 1371 2511 addita
1386 2437 1499 2537 ipsius
1523 2435 1702 2510 sententia
1721 2434 1766 2508 de
1783 2434 1889 2509 variis
1949 2421 1996 2502 A.

377 2593 501 2641 earum
519 2563 677 2638 articulis
694 2559 976 2635 determinandis
999 2574 1036 2634 et
1057 2560 1293 2635 emendandis
1316 2559 1462 2657 (1627).
1513 2559 1718 2650 Accedunt,
1735 2566 1773 2650 β,
1789 2559 1890 2632 Ana-

377 2693 472 2765 lecta
493 2687 657 2786 quaedam
683 2713 703 2760 e
719 2685 803 2784 jure
828 2684 1010 2760 Islandico
1026 2698 1075 2775 et,
1090 2719 1125 2782 γ,
1148 2685 1311 2761 Vetustae
1327 2684 1524 2758 Sententiae
1539 2683 1585 2756 de
1602 2682 1758 2784 periodis
1775 2683 1889 2755 aetatis

378 2816 560 2902 humanae,
577 2825 614 2885 et
631 2835 862 2884 numerorum
882 2808 1070 2882 rarissimis
1087 2808 1454 2882 denominationibus.
1492 2807 1692 2908 Exemplar
1707 2819 1889 2881 vetustum

380 2952 416 3012 et
434 2949 599 3012 accurate
617 2935 814 3034 scriptum:
841 2931 996 3006 Inedita.

355 3190 567 3265 urusnan
586 3181 795 3260 Christiana
811 3193 848 3254 et
862 3180 1075 3254 Necessaria
1087 3181 1295 3271 Paraenesis,
1309 3179 1355 3255 ad
1366 3182 1389 3256 J
1392 3180 1515 3255 udices
1528 3181 1729 3281 superiores
1747 3193 1783 3251 et
1800 3178 1891 3250 infe·
1935 3156 2016 3253 24.

379 3313 488 3387 riores
511 3311 550 3383 in
570 3305 741 3396 islandia,
758 3319 799 3378 ut
822 3318 927 3379 caute
943 3316 1081 3378 veteres
1104 3307 1379 3380 constitutiones
1396 3307 1605 3396 immutent,
1622 3305 1678 3378 vel
1699 3303 1797 3393 alias,
1815 3329 1891 3375 cas·
1951 3291 2001 3372 A.

379 3463 451 3535 que
474 3431 702 3520 recentiores,
719 3429 763 3502 iis
787 3440 1027 3528 anteponant3
1055 3429 1119 3502 ubi
1142 3428 1308 3527 quaedam
1333 3427 1531 3504 decisiones
1556 3427 1892 3528 Nomophylacum,

379 3577 416 3635 et
441 3557 609 3658 Collegii,
628 3553 726 3653 quod
748 3579 793 3626 ex
813 3552 974 3626 Pedariis
992 3565 1145 3643 constat,
1162 3566 1200 3625 et
1216 3553 1477 3627 Proetorianum
1495 3580 1516 3626 a
1533 3551 1750 3650 quibusdam
1776 3550 1894 3623 nomi-

381 3702 487 3763 natur
502 3683 621 3783 (annis
640 3682 746 3771 1481,
771 3680 878 3770 1579,
896 3679 1002 3767 1596,
1020 3679 1126 3768 1632,
1144 3679 1236 3752 1644
1252 3691 1290 3751 et
1307 3679 1417 3774 1563)
1438 3678 1505 3752 sub
1523 3702 1677 3751 examen
1694 3689 1891 3758 vocantur;

381 3832 465 3880 cum
491 3803 607 3878 tribus
631 3798 870 3901 postscriptis,
898 3812 1005 3896 atque
1031 3798 1140 3872 affixa
1164 3799 1398 3872 translatione
1424 3797 1605 3873 Islandica
1629 3797 1738 3896 Regis
1766 3795 1892 3870 Chris-

379 3931 469 4005 tiani
484 3927 531 4001 41ἰ
548 3923 825 4000 introductionis
848 3923 887 3995 in
910 3922 1022 4022 ipsius
1044 3924 1142 4023 leges
1166 3923 1400 4023 Norvegicas,
1418 3925 1463 3996 ab
1486 3949 1582 3996 anno
1603 3921 1709 3995 1608.
1755 3919 1892 3994 Exem-

379 4059 459 4157 plar
476 4053 669 4154 optimum,
687 4075 798 4124 manu
815 4046 950 4122 laudati
966 4048 990 4122 J
991 4074 1070 4122 onae
1087 4047 1253 4121 Martinii
1270 4048 1425 4122 Havniae
1443 4057 1651 4120 exaratum:
1678 4043 1876 4118 Ineditum.

355 4298 540 4374 Esusnan
562 4293 796 4393 Disquisitio:
824 4293 957 4366 “Num
974 4291 1179 4392 probabiles
1196 4304 1340 4365 tannim
1353 4293 1400 4365 ob
1419 4290 1586 4382 rationes,
1600 4290 1676 4363 ullo
1692 4288 1802 4363 modo
1820 4291 1893 4362 vita
1937 4279 2018 4376 25

380 4421 462 4518 quis
484 4419 615 4519 privari
641 4417 771 4490 debeat
780 4415 818 4489 ?''
850 4415 1006 4489 Necnon
1031 4413 1076 4487 de
1093 4415 1384 4511 juramentorum
1408 4441 1508 4488 mera
1529 4413 1795 4514 probabilitate,
1818 4413 1892 4485 sive
1951 4415 2004 4495 Α.

380 4542 593 4618 credulitate
616 4540 849 4614 fundatorum
873 4539 1055 4614 levissimo
1077 4539 1209 4613 valore.
1250 4540 1450 4641 Exemplar
1464 4550 1661 4626 vetustum,
1679 4563 1722 4610 ac
1745 4536 1891 4633 reliquis

380 4661 547 4763 plurimis
564 4661 779 4735 correctius:
805 4659 958 4734 Inedita.

355 4912 541 4987 Erusueu
578 4907 791 4982 Dissertatio
831 4907 876 4982 de
915 4909 1187 5009 Subscriptione
1222 4925 1259 4983 et
1297 4911 1486 4985 Consensu
1525 4908 1890 5008 Consanguineorum
1936 4905 2015 5003 26

379 5033 642 5135 proximorum,
659 5031 699 5104 in
715 5031 860 5123 tabulis,
880 5059 961 5131 quae
984 5033 1171 5107 continent
1192 5033 1466 5107 translationem
1489 5033 1641 5107 dominii
1660 5030 1889 5133 praediorum,
1949 5041 2000 5124 A,

381 5160 419 5232 in
435 5157 562 5259 primis
580 5155 824 5256 gentiliorum,
846 5157 963 5243 1648;
991 5184 1075 5231 cum
1092 5158 1323 5258 postscripto.
1366 5156 1645 5258 Autographum
1663 5155 1853 5231 ineditum.
