5134 6534
1101 845 1147 918 ll

1901 1036 2053 1114 Quaero.

945 1122 1008 1194 IN
1043 1121 1302 1206 QUARTO.

1025 1266 1215 1342 deridica.

375 1418 443 1504 [Cf.
460 1420 516 1484 ΝΟ.
529 1419 561 1482 1.
577 1417 666 1482 Fasc.
683 1417 751 1481 III.
764 1431 796 1480 ct
807 1417 888 1481 vll.
904 1418 936 1496 4,
947 1417 1000 1495 10,
1011 1417 1066 1494 55,
1078 1413 1131 1493 69,
1143 1413 1196 1495 64,
1208 1412 1262 1492 66,
1273 1412 1327 1492 68,
1339 1414 1393 1492 71,
1406 1413 1460 1492 72,
1473 1413 1527 1491 91,
1539 1414 1593 1492 98,
1605 1411 1659 1492 98,
1672 1413 1868 1501 leo-122]
1938 1453 1942 1458 ·

353 1554 494 1628 Lacum
517 1554 693 1630 Veterum
718 1551 952 1625 Scanicarum
980 1549 1077 1643 (den
1106 1548 1324 1625 Skaanske
1355 1547 1456 1643 Lov)
1488 1548 1675 1647 exemplar
1698 1547 1890 1648 optimum,
1939 1517 2015 1614 12.

378 1691 486 1776 atque
503 1674 824 1777 elegantissimum,
841 1672 1041 1747 secundum
1059 1672 1335 1746 celeberrimum
1353 1670 1538 1744 Runicum
1557 1669 1722 1744 codicem
1746 1697 1891 1744 accura-
1918 1651 1963 1733 C·
1984 1653 2032 1734 A·

377 1802 515 1875 tissime
538 1797 747 1890 enodatum,
765 1824 807 1871 ac
824 1823 936 1871 manu
952 1796 1098 1896 propria
1120 1807 1321 1885 exaratum,
1338 1793 1467 1867 additis
1492 1795 1707 1868 lectionibus
1724 1796 1891 1869 varianti-

377 1926 445 1997 bus
462 1922 767 2025 praestantissimis
785 1922 951 2011 aliorum,
965 1921 1011 1994 ab
1027 1919 1225 1993 immortali
1243 1918 1470 2009 Erichscnio,
1484 1918 1535 1992 its
1550 1918 1701 1992 unicum
1719 1946 1760 1993 ac
1777 1919 1892 1993 inedi-

377 2062 457 2122 tum
475 2049 552 2145 ejus
570 2046 848 2148 autographum.

354 2295 493 2372 Cousx
517 2295 658 2396 Legum
682 2294 956 2384 Islandicarum,
974 2292 1091 2367 editus
1109 2320 1130 2367 a
1148 2294 1248 2393 Rege
1270 2293 1462 2392 Norvegiae
1482 2292 1622 2393 Magno
1643 2293 1742 2368 dicto
1765 2293 1892 2393 Laga—
1941 2260 2019 2358 13·

377 2421 511 2510 baetir,
535 2445 619 2494 cum
642 2420 807 2520 pluribus
831 2419 988 2517 antiquis
1013 2418 1343 2493 constitutionibus.
1395 2419 1594 2519 Exemplar
1617 2431 1802 2494 vetustum
1827 2448 1891 2522 op
1954 2396 1999 2478 C·

377 2544 477 2618 timae
493 2556 601 2635 notoe,
618 2544 729 2618 literis
747 2543 915 2618 Gothicis
932 2558 1143 2629 exaratum3
1170 2544 1302 2618 desunt
1319 2556 1440 2617 autem
1459 2543 1597 2642 aliquot
1609 2544 1706 2618 folia.

354 2791 495 2866 Com-:x
513 2789 695 2887 antiquus,
712 2815 786 2886 quo
803 2790 1055 2863 continentur:

402 2947 434 2986 a.
460 2913 639 2987 Taktal:
665 2912 837 3013 Epitome
853 2913 1026 2986 continua
1040 2913 1146 3012 Legis
1161 2911 1362 3005 Islandiooe,
1377 2939 1493 3014 nuper
1509 2927 1729 3006 memorata,
1744 2940 1893 2988 enume-
1940 2871 2015 2970 ¹4·

428 3063 510 3110 rans
528 3038 682 3110 mulctas
699 3062 827 3110 omnes
844 3037 884 3111 in
900 3063 943 3110 ea
959 3037 1197 3136 praescriptas,
1215 3048 1252 3109 et
1269 3037 1418 3110 modum
1439 3038 1607 3138 legalem,
1624 3064 1698 3135 quo
1715 3038 1791 3112 istae
1810 3052 1894 3112 sunt
1957 3007 2004 3088 Β·

429 3159 620 3250 solvendae,
637 3160 857 3234 describens.

403 3293 441 3372 β.
468 3284 522 3358 St
546 3284 675 3384 gamli
700 3284 1001 3358 Kristinrettr:
1019 3285 1043 3358 i.
1055 3311 1087 3358 e.
1104 3285 1170 3359 Jus
1187 3284 1384 3360 Vetustum
1400 3285 1696 3359 Ecclesiasticum
1715 3285 1893 3360 Islandiae.

428 3409 573 3482 Desunt
590 3409 775 3482 conclusio
792 3395 919 3510 capitis
936 3411 1002 3500 4⁸⁰,
1021 3436 1100 3508 cap.
1115 3412 1152 3500 5,
1167 3412 1203 3500 6,
1219 3409 1244 3489 7
1261 3421 1299 3482 et
1314 3409 1553 3509 primordium
1578 3437 1658 3510 cap.
1673 3411 1719 3495 8;
1747 3411 1894 3484 conclu-

429 3529 526 3603 ditur
550 3556 630 3629 cap.
652 3530 712 3602 28.
768 3529 924 3605 Videtur
949 3557 1026 3604 esse
1052 3531 1211 3630 epitome
1240 3531 1350 3604 totius
1376 3530 1514 3626 antiqui
1541 3529 1634 3627 juris
1660 3530 1893 3602 ecclesiastici

428 3654 567 3745 insulse,
586 3652 827 3746 reformando,
845 3654 918 3728 sive
940 3681 1056 3756 nuper
1078 3655 1273 3729 reformato
1296 3654 1588 3744 ChristianismO,
1607 3653 1822 3753 adaptanda,
1839 3652 1893 3726 di-

429 3804 532 3852 versa
547 3792 673 3851 tamen
690 3780 736 3851 ab
753 3778 835 3869 alia,
853 3806 934 3877 quae
950 3779 1044 3853 infra
1060 3794 1282 3853 memoratur
1301 3780 1382 3878 (Νο.
1406 3781 1478 3876 18.)

403 3935 436 3999 γ.
454 3902 585 3976 Multae
599 3901 722 4002 Regioe
737 3903 1039 3995 Constitutiones,
1050 3904 1247 4004 Synodalia
1261 3915 1369 4002 atque
1383 3903 1512 3976 Edicta
1523 3903 1892 4002 Archiepiscoporum
1918 3885 1966 3966 A·
1987 3886 2033 3966 C·

430 4027 709 4126 Norvegiorum,
723 4052 866 4099 necnon
879 4026 947 4100 fori
965 4029 1140 4127 generalis
1155 4026 1395 4119 Islandorum,
1410 4028 1455 4099 ab
1470 4053 1565 4100 anno
1584 4027 1677 4100 1289
1693 4026 1740 4099 ad
1755 4052 1892 4100 annum

434 4152 541 4224 1596.
562 4152 609 4225 It.
624 4159 649 4193 “
656 4151 882 4250 Corruptelae
892 4151 1083 4251 Papisticoe
1097 4150 1142 4225 de
1154 4153 1442 4228 Confirmatione
1451 4152 1737 4238 ;”-Maximam
1751 4169 1892 4254 partem

430 4272 475 4346 ad
498 4297 553 4347 res
571 4274 844 4366 ecclesiasticas,
863 4274 925 4348 sed
943 4275 1050 4348 simul
1068 4276 1180 4348 ctiam
1203 4275 1249 4349 ad
1271 4277 1436 4377 politiam
1460 4277 1659 4378 vulgarem,
1681 4278 1891 4378 spectantia.

431 4396 567 4472 Partim
585 4399 775 4474 rarissima.
819 4398 964 4491 (Codex
981 4400 1141 4475 Gothica
1158 4401 1334 4501 scriptura
1350 4415 1508 4475 correcte
1526 4408 1720 4498 exaratus.)

355 4643 595 4718 Tisssscno
612 4644 706 4718 inter
722 4647 860 4745 Regem
879 4646 1070 4746 Norvegiae
1093 4662 1131 4722 et
1153 4647 1329 4738 Islandos,
1347 4661 1462 4721 semet
1482 4648 1559 4745 ejus
1584 4647 1751 4746 regimini
1774 4647 1893 4746 prima
1943 4610 2017 4705 ¹5·

430 4767 509 4842 vice
527 4767 771 4864 subjicientes,
786 4793 870 4842 cum
887 4770 1051 4869 pluribus
1069 4771 1213 4871 Regum
1230 4771 1421 4872 Norvegiae
1437 4771 1767 4862 constitutionibus,
1778 4771 1892 4845 Islan-
1921 4747 1965 4829 C·
1985 4747 2033 4828 Α·

431 4889 499 4964 diae
516 4889 621 4963 datis.
672 4890 796 4982 (Liber
812 4905 987 4985 vetustus,
1005 4895 1182 4994 scriptura
1198 4894 1356 4969 Gothico
1370 4900 1564 4990 exaratus.)

357 5138 562 5214 Excnnrm
578 5137 743 5228 Vetusta,
760 5163 807 5212 ex
824 5141 1083 5238 antiquissimis
1100 5141 1289 5216 Islandicae
1305 5142 1512 5242 reipublicae
1529 5143 1681 5242 legibus.
1942 5083 2018 5183 16

1093 5268 1153 5339 02
1951 5222 2000 5303 A.
