5134 6534
1093 845 1146 920 45

404 1084 430 1132 rs.
456 1058 774 1156 Nyungarnar:
801 1051 825 1123 i.
842 1076 874 1123 e.
892 1047 1080 1123 Novitates
1108 1045 1291 1143 (lslandiae
1314 1045 1444 1142 allatae)
1471 1046 1600 1146 Satyra
1618 1043 1758 1121 famosa
1774 1047 1884 1122 seculi
1905 1055 2046 1120 Ocrivo

428 1174 539 1250 medii
560 1173 643 1264 lar,
660 1185 697 1247 et
713 1173 818 1274 plura
834 1169 996 1268 ejusdem
1013 1169 1148 1243 farinae.
1948 1143 2002 1206 ⁸³⁰·

403 1314 431 1392 ζ.
454 1299 575 1376 Variae
591 1296 821 1399 lepidissimae
837 1307 875 1368 at
889 1319 1065 1394 perquam
1083 1293 1236 1366 concisae
1252 1292 1410 1368 Fabulae.

404 1458 434 1514 η.
460 1422 629 1498 Thorlaci
645 1419 836 1494 Thorarini
852 1416 1137 1517 Danskylier,
1155 1416 1271 1510 (Aura
1287 1416 1504 1514 Saltatoria.)

403 1557 429 1622 1.
453 1547 615 1622 Termini
632 1544 973 1629 Axarhamarenses,
991 1541 1125 1616 Polima
1141 1541 1335 1615 comicum.

403 1705 425 1743 ι.
450 1669 643 1745 Variorum
660 1665 974 1766 Epigrammatnm
994 1661 1204 1762 Congeries.

403 1827 433 1868 κ.
457 1793 561 1870 Visio
577 1790 721 1864 Famosi
738 1788 925 1878 Poetestri,
942 1787 1085 1886 Vigfusi
1100 1787 1229 1876 Jonaei,
1252 1787 1376 1887 (vulgo
1392 1785 1666 1861 Leimlaekensis
1682 1786 1797 1887 dicti.)

402 1933 434 1989 λ.
461 1913 581 1988 Multa
596 1912 734 1988 Vatum
751 1912 950 1984 clarorum:
975 1908 1079 1982 Jonae
1100 1907 1265 1982 Stenonii
1289 1907 1512 2006 Bergmann,
1529 1906 1726 2006 Hallgrimi
1745 1907 1887 2000 Petraei,

427 2037 537 2110 Arnae
567 2035 730 2125 Gislavii,
759 2030 973 2108 Gudmundi
1006 2029 1268 2130 Bergthoridis,
1301 2029 1442 2104 Rustici
1470 2029 1746 2121 Thorsteinidis,
1770 2031 1887 2106 Thor-

427 2160 551 2235 steinis
576 2158 893 2247 Sveinbioemonii,
912 2156 1016 2232 Jonae
1038 2155 1241 2245 Hialtalini,
1262 2152 1457 2228 Thorvaldi
1480 2151 1751 2244 Boedvarsonii,
1777 2155 1887 2251 (inter

430 2285 498 2359 alia
523 2283 790 2384 elegantissima
818 2281 935 2356 versio
962 2279 1107 2353 Messiae
1131 2277 1330 2352 Alexandri
1356 2277 1486 2378 Pope,)
1515 2277 1617 2351 Pauli
1639 2277 1757 2352 Jonaei
1783 2277 1886 2371 (dicti

428 2407 612 2505 Skaldi),
644 2406 858 2481 Bioemonis
888 2405 1018 2494 Jonaei,
1045 2403 1195 2478 Davidis
1219 2402 1349 2494 Jonaei,
1378 2402 1603 2476 Thorsteinis
1633 2401 1886 2478 Gudmundini

428 2541 465 2602 et
479 2529 652 2629 plurium.

402 2687 440 2750 μ.
465 2653 740 2727 Testamentum
763 2652 936 2727 Ecclesiae
954 2649 1182 2726 Cathedralis
1202 2649 1460 2725 Scalholtensis
1482 2647 1676 2745 (Mandato
1691 2649 1808 2749 Regio
1825 2651 1887 2723 ab·

428 2777 575 2877 rogata)
601 2779 706 2856 1796.

403 2935 427 2974 ν.
452 2900 588 2997 Aliqua
604 2926 650 2974 ex
668 2900 834 2990 Horatio,
851 2898 998 2989 Ovidio,
1015 2913 1051 2972 et
1068 2897 1266 2997 Properti0,
1284 2896 1463 2970 Islandiee
1478 2923 1591 2971 versa.

405 3027 433 3110 ξ.
459 3021 518 3097 Ad
543 3023 750 3113 Calamum,
767 3022 1039 3123 Prosopopoeia,
1056 3020 1196 3110 Latine,
1214 3045 1297 3093 cum
1321 3018 1484 3093 versione
1502 3017 1693 3093 Islandica.
1735 3018 1889 3114 (Omnia

429 3141 609 3214 rarissima
627 3154 663 3215 et
679 3141 842 3239 inedito.)

405 3425 436 3465 α.
461 3372 722 3465 Anxsinrn:
751 3389 775 3462 i.
793 3415 825 3462 e.
847 3387 1010 3463 Annales
1038 3387 1250 3478 Cantiones,
1267 3390 1324 3462 vel
1348 3413 1412 3461 sex
1435 3387 1518 3460 libri
1544 3385 1589 3461 de
1614 3388 1780 3488 sextupla
1803 3390 1889 3462 anni
1921 3367 2030 3470 118.

433 3514 552 3612 (quasi
578 3513 706 3587 Indico
734 3525 771 3586 et
805 3512 990 3586 Hebraico
1020 3515 1135 3609 more)
1142 3569 1153 3602 ,
1180 3512 1373 3612 spiritualis
1406 3527 1542 3602 tamen,
1567 3511 1757 3604 divisione,
1782 3513 1890 3614 tripla
1950 3509 1998 3590 A.

431 3639 604 3711 nimirum
621 3649 755 3727 astate,
773 3649 810 3708 et
825 3636 934 3736 tripla
950 3636 1097 3735 hyeme,
1115 3637 1181 3709 &c
1221 3637 1444 3710 Decantatnr
1461 3649 1581 3709 autem
1600 3636 1747 3710 Piorum
1764 3637 1803 3710 in
1820 3638 1889 3711 hac

429 3765 503 3837 vita
515 3763 658 3862 hyems,
670 3759 732 3835 sed
749 3773 883 3834 aeterna
896 3759 1054 3833 coelestis
1072 3774 1194 3846 aestos3
1214 3760 1692 3861 at,viceversa,1mpiorum
1707 3758 1892 3834 mundana

431 3900 546 3976 oestas,
561 3884 623 3959 sed
641 3885 793 3958 hiberna
805 3883 936 3956 inferni
951 3885 1190 3974 conturbatio,
1205 3885 1271 3956 &o
1301 3884 1436 3958 Poiima
1453 3884 1564 3957 seculi
1583 3881 1648 3956 16ti
1662 3885 1719 3981 (ut
1734 3883 1889 3981 videtur)

431 4009 650 4108 singularem
667 4005 854 4079 fictionem
872 4032 947 4079 non
963 4005 1109 4106 illepide
1127 4004 1316 4080 adornans.

406 4141 443 4219 β.
469 4129 750 4206 Krossrimur
772 4129 831 4203 vel
850 4126 1216 4203 Adams-Rimur:
1243 4130 1267 4202 i.
1284 4157 1316 4202 e.
1334 4128 1533 4229 Rythmica
1549 4129 1690 4203 Sanctae
1709 4129 1837 4205 Crucis
1855 4141 1891 4201 et

430 4255 565 4330 Adami
582 4281 726 4355 quoque
739 4251 913 4344 Historia,
927 4253 967 4327 in
983 4252 1144 4352 quinque
1162 4253 1271 4326 libros
1288 4252 1413 4343 divisa,
1428 4266 1572 4326 auctore
1585 4251 1740 4353 Sigurdo
1751 4252 1775 4326 J
1776 4279 1891 4344 onaeo,

432 4378 615 4478 quondam
646 4375 861 4462 Sacerdote3
897 4375 943 4448 de
971 4375 1109 4451 visione
1135 4376 1238 4452 Sethi
1265 4391 1303 4450 et
1331 4379 1409 4475 ejus
1439 4405 1524 4452 cum
1549 4377 1705 4479 Angelo,
1731 4377 1888 4452 Paradisi

433 4501 592 4592 custode,
609 4527 825 4601 congressu3
854 4499 983 4574 Crucis
1009 4499 1114 4599 Ligni
1140 4500 1277 4599 origine
1299 4527 1346 4575 ex
1367 4503 1508 4575 Arbore
1523 4501 1620 4578 Vitae
1635 4501 1694 4575 vel
1709 4501 1890 4593 Scientiae,

432 4642 494 4703 aut
510 4627 647 4702 nucleis
662 4628 722 4702 vel
739 4626 936 4700 seminibus
960 4625 1038 4722 ejus
1054 4625 1172 4715 Pomi,
1190 4625 1289 4724 quod
1305 4625 1425 4699 Adam
1449 4625 1640 4699 infeliciter
1663 4638 1888 4725 gustaverat3

433 4752 539 4852 ligni
553 4749 715 4848 ejusdem
732 4751 837 4825 variis
854 4763 979 4850 postea
992 4735 1031 4822 in
1047 4749 1183 4823 Ambio
1199 4761 1236 4823 et
1250 4749 1274 4823 J
1276 4748 1378 4823 udaea
1394 4750 1492 4824 Fatis
1509 4762 1546 4822 et
1562 4748 1763 4841 Miraculis,
1781 4750 1848 4822 &c

406 4905 439 4968 γ.
465 4868 905 4970 Spakmaela-Rimur,
930 4869 1252 4970 Philosophemata
1277 4871 1424 4945 Politice
1448 4861 1591 4944 duobus
1616 4870 1715 4944 libris
1742 4896 1891 4971 compo-

433 4996 513 5085 sita,
531 4994 662 5068 aJona
676 4992 942 5085 Thorsteinide,
956 4993 1162 5085 Sacerdote,
1180 4995 1362 5094 (Martyre
1378 4993 1492 5093 dicto)
1517 4996 1622 5068 1656.
1657 4993 1734 5087 (Cf.
1750 4994 1816 5068 ΝΟ.
1830 4994 1891 5084 56,

431 5121 510 5210 76.)
