5134 6534
1117 833 1169 908 53

400 1034 485 1108 sulis
518 1048 555 1108 et
584 1035 764 1108 Litoribus
789 1035 897 1132 juxta
927 1032 1136 1124 Islandiam,
1161 1059 1288 1134 pamm
1321 1034 1426 1106 notis.
1488 1036 1522 1107 6.
1549 1034 1675 1108 Brevis
1703 1035 1908 1136 Descriptio
1916 1042 2067 1107 Ocravo.

397 1159 536 1233 Daniae.
586 1161 623 1239 7.
648 1158 737 1233 Vita
755 1158 893 1232 Biamii
912 1156 1064 1231 Gissurii
1082 1171 1119 1230 et
1133 1157 1184 1257 pl.
1237 1159 1271 1230 8.
1289 1157 1456 1230 Visiones
1474 1159 1655 1232 variorum
1679 1158 1906 1234 Islandorum

400 1285 453 1380 (et
468 1283 536 1383 pl.)
561 1283 654 1355 1626
671 1295 708 1354 et
728 1283 832 1360 1627.
869 1283 904 1354 9.
922 1280 1095 1380 Epistolae
1113 1279 1257 1352 Lentuli
1275 1293 1311 1352 et
1328 1280 1448 1353 Pontii
1464 1281 1570 1355 Pilati
1588 1281 1632 1355 de
1645 1283 1667 1356 J
1670 1310 1733 1357 esu
1747 1283 1906 1359 Christo.

398 1407 537 1481 Omnia
555 1408 724 1506 (excepto
741 1433 814 1479 uno
830 1406 1002 1495 carmine,
1021 1403 1118 1477 dicto
1135 1403 1311 1478 Islands
1334 1405 1504 1504 Argali)
1523 1405 1670 1480 inedita.

372 1654 621 1726 Auvunsarua
635 1654 849 1726 Ismumca.
879 1652 991 1748 (sect.
1008 1654 1061 1723 4ιδ
1072 1653 1097 1747 ι)
1131 1653 1161 1724 1.
1178 1651 1266 1727 Vita
1282 1651 1462 1758 Bartrami
1477 1651 1571 1742 Itali,
1583 1653 1744 1750 quinque
1758 1654 1907 1728 Contio
1939 1637 2049 1733 135.

398 1776 505 1850 nibus
522 1777 698 1876 exposita,
716 1803 738 1849 a
753 1774 978 1850 Gudmundo
995 1775 1223 1875 Bergthorio,
1242 1777 1309 1848 &c.
1356 1776 1390 1847 2.
1408 1775 1519 1849 Varia
1535 1773 1682 1848 Medica
1698 1788 1735 1847 et
1752 1775 1908 1874 Physica
1968 1772 2016 1852 A.

400 1899 462 1996 (ad
482 1901 682 1975 Historiam
707 1902 919 1975 Naturalem
943 1899 1122 1990 Islandiae,
1141 1901 1207 1973 &c
1225 1898 1472 1999 pertinentia.)
1526 1899 1561 1970 3.
1579 1899 1667 1972 Vita
1684 1900 1907 1973 celeberrimi

398 2024 580 2124 Brynjulfi
605 2025 789 2115 Svenonii,
806 2052 827 2098 a
842 2025 965 2097 Torfio
980 2024 1096 2114 Jonae,
1120 2025 1196 2122 ejus
1223 2023 1418 2110 Fratruele,
1443 2022 1585 2120 scripta.
1636 2024 1672 2094 4.
1694 2022 1782 2096 Vita
1804 2024 1907 2097 Jonae

396 2148 519 2222 Amaei
532 2148 704 2249 Episcopi
719 2148 987 2222 Scalholtensis.
1019 2151 1055 2221 5.
1073 2147 1204 2222 Multae
1214 2148 1478 2222 Annotationes
1494 2147 1698 2236 Historicae,
1710 2149 1907 2246 praesertim

398 2272 443 2346 de
463 2271 633 2346 Islandia.
685 2274 719 2345 6.
746 2272 868 2345 Multa
892 2271 937 2344 ad
963 2271 1257 2371 Ichthyologiam
1282 2270 1513 2360 Islandicam,
1533 2271 1590 2343 vel
1615 2269 1735 2370 potius
1762 2270 1909 2370 Hyper-

397 2397 557 2486 boream,
582 2395 810 2496 pertinentia.
861 2396 897 2473 7.
923 2394 1190 2485 Asnake‘tlkr,
1208 2395 1346 2468 Fabula
1370 2394 1515 2484 Ethica‚
1540 2395 1679 2493 prolixe
1706 2393 1768 2467 sed
1790 2393 1908 2493 lepide

397 2531 553 2594 exarata.
611 2521 646 2592 8.
674 2517 765 2593 Odae
796 2518 974 2592 variomm
1011 2518 1224 2618 (praesertim
1255 2516 1468 2592 Gudmundi
1499 2515 1719 2616 Bergthorii,
1754 2517 1812 2589 cui
1848 2517 1905 2589 alii

396 2640 649 2736 occinuemnt)
677 2637 722 2712 de
753 2639 938 2713 calanticis
969 2639 1218 2729 muliebribus,
1246 2637 1351 2712 dictae
1377 2636 1654 2734 Skautajioll.
1709 2638 1745 2709 9.
1772 2635 1908 2708 Theses

395 2764 632 2865 Astrologicae
659 2763 703 2837 de
730 2763 851 2864 Signis
877 2762 1037 2836 Zodiaci.
1101 2763 1157 2835 10.
1188 2761 1317 2862 Magni
1346 2762 1474 2834 Petraei
1502 2759 1807 2860 Tyrkjasvaefa
1835 2759 1908 2832 sive

395 2888 606 2962 Exsecratio
630 2888 667 2961 in
684 2888 830 2961 Turcas.
887 2889 942 2960 ll.
968 2886 1064 2961 Acta
1082 2886 1266 2960 Ambrosii
1291 2900 1329 2959 et
1352 2883 1606 2974 Rosamundae,
1625 2884 1784 2982 quinque
1811 2883 1909 2958 Can·

396 3013 555 3085 tionibus
585 3011 775 3112 descripta.
837 3014 892 3085 12.
919 3013 1057 3086 Fabula
1082 3012 1246 3112 prosaica
1270 3011 1315 3085 de
1339 3009 1535 3084 Theodiele
1561 3008 1706 3106 Equite.
1757 3007 1909 3100 (Omnia

397 3133 559 3230 inedita.)

371 3385 621 3460 Anvunsann
637 3385 851 3459 Ismumcn
879 3383 990 3480 (Sect.
1006 3385 1095 3480 5t⁸:)
1128 3388 1158 3458 l.
1175 3385 1286 3459 Varia
1310 3383 1583 3482 Mineralogica,
1601 3378 1748 3455 Medica
1765 3392 1802 3452 et
1825 3379 1908 3451 Ma·
1939 3363 2047 3465 136

396 3510 487 3610 gica.
515 3512 549 3583 2.
568 3508 709 3583 Relatio
723 3507 1515 3609 dePrimordiisReipublicaelslandicae,&c.
1544 3511 1579 3582 3.
1596 3506 1831 3582 Enumeratio
1842 3506 1908 3578 Pa·
1966 3504 2014 3584 A.

396 3630 600 3703 rochiamm
613 3629 781 3704 Islandioe
794 3629 968 3720 Borealis,
983 3632 1162 3705 annotatis
1176 3630 1411 3707 Sacerdotum
1430 3631 1512 3704 fixis
1531 3631 1676 3704 salariis.
1706 3627 1890 3726 (Inedita.)

369 3876 619 3948 Auvsnsann
644 3875 860 3949 Ismuurca.
900 3877 1011 3973 (Sect.
1039 3879 1128 3975 6‘22)
1170 3881 1200 3950 l.
1226 3877 1336 3951 Varia
1363 3875 1521 3966 Medica,
1548 3875 1717 3975 Physica,
1745 3873 1904 3973 Magica,
1933 3859 2042 3974 137

394 3996 621 4096 Astrologica
634 3998 960 4098 etComputistica.
986 3998 1202 4098 2.Systema
1215 4000 1436 4099 completum
1450 3998 1723 4074 Chiromantiae.
1750 3997 1905 4071 3.Trac·
1963 4001 2015 4081 A.

393 4134 489 4194 tatus
506 4120 550 4195 de
567 4121 703 4196 Herbis
719 4121 889 4213 Medicis,
907 4124 973 4196 &c
1015 4123 1051 4193 4.
1076 4123 1264 4195 Runamm
1281 4122 1377 4195 varia
1394 4122 1555 4212 nomina,
1573 4123 1697 4221 figurae
1713 4133 1750 4193 et
1767 4119 1904 4220 signifi-

394 4245 574 4333 cationes;
599 4244 644 4319 de
661 4272 785 4320 earum
803 4245 848 4320 ad
864 4245 1029 4345 Magiam
1047 4243 1301 4344 applicatione,
1320 4245 1386 4318 &c
1403 4247 1439 4318 5.
1473 4245 1520 4319 In
1536 4244 1623 4317 folio
1640 4269 1804 4316 annexo:
1833 4243 1887 4316 Re

394 4367 499 4466 gulae,
517 4367 601 4439 anni
624 4368 743 4467 prima
766 4379 873 4440 nocte
890 4367 930 4439 in
945 4367 1108 4440 excubiis
1127 4364 1379 4465 superstitiosis
1401 4360 1822 4462 observandae-poetice
1839 4386 1904 4433 ex·

393 4489 530 4590 positae.
558 4489 711 4582 (Omnia
726 4489 888 4587 inedita.)

369 4739 563 4812 Lsxrmou
582 4736 780 4812 Mumcun
803 4739 1057 4828 Ismumcun,
1081 4749 1225 4810 auctore
1241 4735 1452 4811 Thorchillo
1468 4734 1678 4836 Amgrimio
1696 4731 1897 4830 (Vidalino)
1927 4714 2035 4817 138.

393 4859 489 4935 ined.
506 4861 692 4961 exemplar
707 4855 854 4961 optimae
869 4873 975 4936 notae.
1956 4856 2003 4936 A.

368 5106 499 5180 Arrun
523 5106 716 5181 Lsxrmou
741 5105 938 5184 Mumcuu
963 5109 1217 5200 Ismumcuu,
1243 5106 1397 5182 auctoris
1424 5106 1563 5197 incerti,
1590 5105 1763 5204 scriptum
1793 5100 1899 5190 1675,
1926 5071 2035 5293 139.

392 5229 582 5305 ineditum.
1998 5276 2006 5293 ·
