5134 6534
1425 845 1479 918 20

522 1049 675 1125 Qvfflo·
710 1045 961 1122 aChristiano
986 1043 1189 1135 Schrivero,
1207 1045 1339 1120 Danici
1365 1047 1476 1146 Regis
1500 1045 1700 1137 Quoestore,
1725 1060 1763 1120 et
1786 1046 1864 1144 ejus
1887 1045 2076 1122 Islandicis
2102 1049 2221 1138 sociis,

709 1173 925 1264 Schalholti,
943 1186 1027 1246 ante
1049 1172 1192 1246 illorum
1216 1171 1506 1263 decollationem,
1524 1172 1763 1272 compositam
1784 1185 1821 1244 et
1843 1172 1989 1271 publice
2012 1173 2221 1258 recitatam

710 1297 1003 1372 annotationibus
1032 1295 1328 1387 contradictoriis,
1355 1311 1392 1370 et
1423 1296 1627 1396 energetica
1657 1295 1889 1370 conclusione
1920 1322 1942 1368 a
1969 1294 2222 1369 damnatorum

710 1416 836 1489 amicis
853 1413 995 1488 additis.
1030 1415 1090 1491 Cf.
1110 1416 1248 1490 Histor.
1266 1417 1475 1490 Ecclesiast.
1499 1415 1666 1492 Islandiae
1687 1418 1847 1500 11.721;
1878 1416 1957 1511 (ubi
1982 1416 2061 1490 haec
2087 1416 2223 1490 addita·

710 1553 835 1613 menta
847 1566 920 1613 non
933 1551 1191 1630 memorantur,
1205 1553 1243 1614 et
1258 1541 1379 1641 ipsum
1394 1541 1567 1642 originale
1582 1541 1756 1641 scriptum
1770 1539 2017 1636 desideratur.)
2040 1572 2075 1637 γ.
2087 1541 2223 1613 Literas

710 1663 816 1738 falsas
841 1664 975 1738 Jonam
1002 1663 1297 1764 Sigmundinum,
1323 1666 1654 1765 Nomophylacem,
1677 1665 1905 1765 inculpantes
1928 1665 1965 1757 (a
1990 1664 2225 1739 celeberrimo

710 1788 894 1889 Episcopo
911 1788 1136 1863 Gudbrando
1151 1788 1345 1864 Thorlacio
1361 1792 1400 1864 in
1416 1790 1604 1891 proprium
1618 1789 1793 1863 damnum
1807 1801 2042 1889 protestatos:
2067 1786 2139 1863 vid.
2154 1789 2178 1860 l.
2193 1815 2224 1861 c.

711 1909 867 1983 111.401
890 1923 927 1982 et
942 1911 1015 2000 59,
1033 1910 1095 1982 ubi
1112 1922 1235 1984 tamen
1256 1910 1360 1985 dictae
1386 1912 1497 1985 literae
1518 1937 1602 1984 cum
1628 1911 1761 1983 lectore
1783 1935 1857 1981 non
1883 1907 2225 2002 communicantur.)

713 2035 860 2107 Insertae
878 2047 962 2107 sunt
977 2049 1149 2133 praeterea
1173 2033 1286 2108 codici
1313 2034 1399 2108 huic
1424 2033 1624 2123 citationes,
1642 2046 1679 2105 et
1700 2032 1864 2106 formulae
1880 2043 2031 2105 vetustae
2048 2029 2226 2128 juridicae,

710 2170 772 2230 ut:
799 2156 984 2230 excusatio
1002 2157 1290 2257 Nomophylacis
1308 2157 1642 2231 electi-incusatio
1662 2156 1797 2256 rapinae
1815 2154 2227 2254 commissae-appella-

710 2280 826 2354 tiones
853 2280 898 2354 ad
923 2281 1082 2355 tribunal
1109 2281 1526 2381 superius-juramenta
1550 2279 1789 2368 subditorum,
1806 2279 2074 2379 inculpatorum
2098 2291 2134 2351 et
2155 2293 2227 2352 tes-

710 2402 1054 2478 tium-admonitio
1078 2405 1227 2478 testium
1245 2406 1311 2478 &o
1345 2405 1538 2479 Accedunt
1561 2403 1717 2502 denique
1736 2402 1935 2479 Corollaria
1951 2402 2060 2492 varia,
2078 2414 2138 2475 ut:
2166 2401 2227 2475 de-

712 2526 918 2600 terminatio
934 2527 1055 2626 prisca
1071 2527 1188 2601 salarii
1202 2527 1491 2627 Nomophylacis
1512 2527 1585 2624 (vel
1603 2526 1736 2600 summi
1748 2524 1899 2621 judicis)
1920 2523 2227 2622 islandiae-quo-

713 2650 821 2724 modo
844 2664 953 2724 testes
970 2651 1074 2724 inviti
1092 2652 1173 2750 cogi
1198 2651 1520 2726 debeant-causae
1546 2652 1663 2724 filium
1684 2649 2141 2749 exhereditandi-regulae
2164 2649 2227 2723 do

713 2776 902 2850 nationum
920 2774 1163 2874 legitimarum
1182 2776 1248 2847 &o
1303 2775 1468 2870 (Omnia,
1486 2790 1548 2847 aut
1564 2775 1785 2874 perplurima
1803 2774 1930 2847 saltem
1949 2774 2112 2869 inedita.)

563 2997 1141 3097 56.Evaanet1tinerarium
1159 3022 1243 3098 Olai
1261 3021 1424 3121 Egillini,
1443 3021 1597 3095 Parochi
1616 3022 1820 3095 Insularum
1835 3021 2226 3121 Vestmanneyensium

579 3135 628 3216 A.

714 3144 804 3242 (sive
822 3145 1118 3236 Hibemicarum,
1136 3145 1182 3219 ad
1199 3145 1433 3220 meridionale
1451 3145 1617 3219 Islandiae
1635 3146 1743 3240 latus)
1759 3172 1848 3243 quas
1865 3145 1993 3219 Turcoe
2009 3145 2227 3235 Alzirenses,

714 3295 809 3342 anno
824 3270 931 3358 1627,
945 3296 1070 3343 mense
1085 3268 1108 3344 J
1111 3269 1187 3360 ulii,
1201 3270 1369 3360 flammis,
1386 3269 1543 3343 caedibus
1561 3297 1604 3344 ac
1618 3269 1765 3370 rapinis,
1778 3296 1844 3369 per
1862 3270 2000 3367 aliquot
2013 3267 2089 3342 dies
2103 3268 2228 3343 devas-

713 3404 851 3476 tarunt;
867 3393 963 3490 (quae
974 3394 1098 3465 omnia
1107 3392 1169 3465 hic
1179 3391 1465 3488 describuntun)
1480 3419 1594 3490 quum
1605 3393 1728 3482 etiam,
1739 3395 1833 3464 inter
1845 3392 1978 3464 multos
1990 3391 2090 3478 alios,
2101 3391 2227 3483 (altero

715 3515 913 3589 insularum
931 3516 1115 3589 sacerdote
1133 3516 1253 3589 occiso
1265 3521 1292 3611 3)
1321 3516 1383 3614 (cf.
1401 3517 1467 3590 N⁰.
1484 3517 1546 3605 76,
1569 3518 1638 3590 118
1652 3517 1678 3612 3)
1708 3517 1862 3588 latrones
1880 3515 1996 3604 illum,
2014 3540 2099 3586 cum
2116 3539 2227 3586 uxore

716 3637 874 3739 gravida,
892 3639 1076 3740 captivum
1102 3638 1341 3713 abduxerunt.
1390 3641 1426 3713 Is
1449 3651 1572 3714 tamen
1597 3641 1641 3712 ab
1665 3639 1735 3712 illis
1757 3652 1884 3738 postea
1906 3639 1945 3710 in
1962 3637 2099 3710 Alziria
2122 3637 2229 3709 liber-

715 3775 801 3852 tate,
820 3762 882 3836 sed
900 3763 976 3836 sine
992 3763 1159 3863 pecunia,
1176 3762 1390 3853 donabatur,
1407 3777 1444 3836 et
1465 3764 1503 3836 in
1524 3764 1666 3836 Italiam
1691 3764 1914 3852 mittebatur,
1931 3776 1971 3836 ut
1991 3762 2083 3861 Regi
2100 3763 2227 3836 Daniae

716 3885 871 3959 adferret
885 3885 1084 3985 piratarum
1101 3887 1315 3987 petitionem
1339 3885 1384 3959 de
1406 3887 1501 3985 lytro
1523 3887 1733 3986 pecuniario
1750 3887 1909 3986 ingente,
1925 3912 1992 3986 pro
2008 3885 2227 3983 reliquorum

718 4010 943 4109 captivorum
967 4009 1194 4084 Islandorum
1218 4009 1441 4082 redemtione
1466 4010 1649 4083 solvendo.
1701 4009 1873 4085 Sacerdos
1898 4010 1970 4100 ille,
1988 4009 2228 4084 mendicando

716 4133 853 4206 victum
877 4147 914 4206 et
934 4145 1118 4207 vecturam
1143 4134 1211 4207 sibi
1229 4159 1437 4234 comparare
1460 4148 1618 4224 coactus,
1636 4159 1682 4206 ex
1699 4134 1816 4224 Italia,
1833 4161 1899 4234 per
1916 4132 2073 4207 Galliam
2091 4148 2128 4207 et
2144 4135 2229 4208 Bel-

717 4256 831 4356 gium,
858 4256 1034 4331 Hafniam
1059 4258 1177 4357 petiit,
1204 4271 1241 4330 et
1267 4256 1363 4347 inde,
1388 4284 1512 4330 mense
1539 4257 1629 4331 Julii
1662 4259 1767 4347 1628,
1794 4259 1831 4331 in
1860 4255 2055 4331 Islandiam
2078 4261 2226 4332 revenit.

721 4382 921 4481 (Scriptum
939 4381 1116 4456 ineditum
1134 4395 1171 4456 et
1182 4383 1261 4480 jam
1280 4383 1531 4479 rarissimum.)

569 4605 650 4714 57.
695 4632 864 4705 Ranarro
880 4629 926 4703 de
943 4627 1089 4703 Islando
1106 4628 1277 4726 quodam,
1290 4628 1391 4702 Ama
1407 4628 1517 4719 dicto,
1531 4655 1576 4702 ex
1595 4630 1706 4728 ipsius
1718 4628 1811 4701 orali
1828 4627 2031 4720 traditione,
2045 4630 2227 4728 quomodo

585 4743 634 4823 Α.
720 4755 750 4827 is
768 4755 879 4845 (anno
894 4754 1002 4848 1743)
1018 4754 1056 4826 in
1073 4753 1191 4826 insula
1208 4751 1359 4843 deserta,
1370 4752 1415 4826 ad
1430 4753 1596 4827 lslandioe
1612 4752 1784 4825 orientale
1802 4752 1898 4843 litus,
1912 4754 1950 4825 in
1960 4753 2127 4827 Aliorum
2140 4755 2228 4847 (sive

721 4877 923 4976 geniorum,
937 4877 1097 4974 alioquin
1112 4877 1327 4976 plerumque
1344 4876 1595 4971 invisibilium)
1615 4875 1809 4975 magnifica
1822 4876 2028 4951 habitacula
2040 4877 2148 4950 fuerit
2167 4877 2228 4950 de-

722 4999 862 5090 ductus,
879 5011 1027 5099 propter
1043 5025 1216 5090 amorem,
1234 5026 1344 5097 quem
1365 5000 1532 5100 nympha
1553 4997 1732 5097 quaedam,
1748 4999 1881 5098 Biarga
1897 5002 2095 5090 nominata,
2112 5026 2228 5074 sacer·
2258 5005 2263 5018 '

722 5124 815 5200 dotis
831 5122 1036 5222 insignioris
1060 5123 1146 5213 filia,
1163 5123 1201 5196 in
1225 5149 1309 5197 eum
1334 5136 1559 5224 conceperat,
1577 5123 1640 5199 sed
1661 5123 1802 5216 frustra,
1824 5151 1908 5198 cum
1932 5125 1962 5198 is
1986 5150 2066 5197 eam
2091 5126 2227 5198 ambire
