5134 6534
1069 853 1124 929 23

354 1059 495 1133 thorem
520 1055 716 1157 Brynjulfi,
734 1053 960 1155 Episcopum
982 1051 1377 1155 Holensem--scriptae
1399 1080 1421 1128 a
1443 1053 1677 1128 celeberrimo
1694 1053 2024 1138 JohanneQuaaro.

355 1178 485 1253 Olavio
500 1177 827 1273 (Grunnavicensc)
847 1177 952 1254 1750.
986 1175 1035 1248 Et
1052 1176 1119 1249 sub
1137 1175 1207 1248 alio
1223 1175 1350 1248 titulo:
1377 1175 1543 1250 Distribe
1560 1201 1623 1249 seu
1636 1177 1865 1252 Consultatio

354 1301 399 1376 de
417 1302 535 1376 Libris
550 1314 588 1374 et
601 1299 889 1398 Antiquitatibus
913 1296 1102 1372 Islandicis
1126 1297 1242 1372 Proelo
1266 1298 1533 1373 submittendis.
1584 1299 1864 1402 Autographum

356 1425 546 1515 ineditum,
563 1423 654 1497 forte
671 1423 821 1497 unicum
832 1422 913 1520 jam
931 1421 1089 1495 existens
1107 1422 1305 1523 exemplar.

380 1550 456 1628 Hic
471 1549 621 1638 Auctor,
635 1548 730 1620 inter
746 1547 816 1621 alia
827 1545 936 1636 varia,
950 1544 1117 1644 disquirit
1129 1544 1175 1619 de
1189 1546 1389 1622 literanum
1406 1549 1655 1648 antiquissima
1671 1549 1862 1637 historiam

355 1671 401 1745 de
418 1671 567 1745 historia
577 1669 670 1767 juris
687 1667 819 1742 vetusti
832 1665 1073 1757 Islandorum,
1087 1679 1124 1740 et
1138 1666 1244 1767 Legis
1257 1668 1513 1768 vulgatissimis
1526 1668 1727 1743 editionum
1740 1670 1866 1744 critico

355 1797 496 1880 valore;
524 1793 569 1867 de
595 1792 736 1893 scriptis
762 1790 988 1866 Islandorum
1014 1791 1318 1892 praestantissimis
1340 1791 1518 1889 juridicis,
1547 1797 1717 1893 (quorum
1742 1794 1867 1867 omnia

356 1916 495 2018 optima
516 1914 555 1988 in
578 1925 738 1987 nostram
760 1912 1091 2012 manuscriptorum
1115 1911 1366 1985 collectionem
1389 1925 1566 1986 venerunt
1577 1915 1604 2008 z)
1632 1939 1717 1986 cum
1742 1914 1865 1988 multia

356 2041 446 2130 aliis,
469 2037 602 2140 partim
625 2037 786 2135 alioquin
807 2036 952 2137 ignotis,
970 2035 1225 2110 ad'historiam
1248 2034 1414 2110 Islandiae
1437 2036 1630 2110 literarium
1653 2039 1867 2138 pertinenti-

356 2167 434 2237 bus.
486 2163 596 2236 Plura
610 2160 780 2236 Auctoris
798 2159 948 2234 consilia
971 2185 1013 2233 ac
1034 2160 1096 2260 pia
1117 2173 1201 2234 vota
1224 2159 1269 2233 de
1291 2159 1391 2233 libris
1412 2158 1560 2232 edendis
1578 2187 1621 2234 ac
1636 2160 1867 2235 Bibliotheca

355 2287 503 2388 publiea
518 2285 558 2359 in
574 2283 733 2360 lslandia
749 2283 931 2385 erigenda,
948 2297 1071 2357 nostro
1087 2297 1251 2384 tempore
1267 2284 1428 2386 perfecta
1443 2285 1611 2360 vidimus.

333 2533 570 2607 Tuonsrmm
594 2530 736 2621 Petraei,
753 2529 907 2603 Parochi
931 2530 1262 2624 Stadarbackensis‚
1280 2531 1504 2633 amplissima
1528 2532 1695 2608 lslandiae
1719 2533 1869 2608 historia
1910 2509 1991 2608 65.

357 2657 524 2746 literaria,
541 2654 754 2729 continens:
1895 2646 1942 2726 Β.
1964 2645 2015 2726 D.

382 2815 415 2855 a.
441 2780 636 2879 Prologum
654 2777 861 2877 specialem,
879 2805 964 2853 cum
981 2781 1119 2854 incerta
1134 2779 1398 2881 ichnographia
1414 2779 1571 2854 historiae
1589 2780 1788 2856 Islandieae.

382 2911 419 2992 β.
445 2902 709 3003 Prolegomena
721 2900 766 2974 de
783 2902 922 3002 origine
935 2915 973 2976 et
988 2904 1107 3003 primo
1122 2929 1314 3004 progressu
1331 2904 1382 2976 rei
1399 2903 1575 2995 literaria,
1589 2906 1771 3006 praecipue
1785 2909 1869 2980 artis

408 3023 601 3115 scribendi,
619 3023 683 3098 uhi
705 3024 799 3096 inter
821 3024 891 3098 alia
913 3024 1025 3098 literae
1048 3024 1198 3116 Graeoae,
1214 3024 1535 3117 Moeso-Gothicae,
1552 3039 1589 3099 et
1608 3027 1736 3127 priscae
1756 3028 1869 3101 Islan-

411 3149 501 3223 dicte
523 3149 737 3249 (praesertim
754 3147 937 3245 Runioae),
953 3167 1187 3224 recensentur
1208 3165 1245 3224 et
1268 3150 1516 3250 disquiruntur
1530 3185 1539 3238 ;
1568 3154 1686 3253 agitur
1701 3179 1808 3254 porro
1825 3154 1870 3228 de

408 3273 536 3373 primis
553 3273 759 3346 auctoribus
781 3272 973 3373 Norvegiae
993 3286 1030 3346 et
1054 3275 1194 3367 Daniae,
1211 3301 1296 3350 eum
1320 3277 1420 3351 brevi
1438 3302 1563 3349 eorum
1580 3301 1773 3376 regnorum
1791 3275 1870 3352 lite-

409 3410 538 3471 raturoe
554 3394 849 3495 conspectu-de
866 3396 1008 3498 Lingua
1020 3398 1200 3473 lslandica
1216 3413 1254 3472 et
1270 3400 1347 3497 ejus
1363 3400 1567 3500 conuptela
1582 3399 1776 3473 avertendo
1793 3401 1859 3474 &a

384 3559 418 3622 γ.
444 3525 572 3624 Ipsum
589 3547 693 3622 opus,
711 3548 784 3621 quo
800 3523 858 3596 has
875 3522 1051 3596 sectiones
1069 3525 1321 3598 continentur:

439 3651 471 3720 1.
495 3647 553 3720 De
567 3646 690 3719 Prima
705 3646 981 3746 Septentrionis,
992 3674 1034 3721 ac
1050 3649 1231 3748 praecipue
1248 3648 1416 3722 lslandiae
1429 3649 1629 3722 literatura
1646 3661 1683 3722 et
1698 3648 1869 3722 Literato-

461 3771 572 3861 ribus,
589 3796 704 3867 usque
721 3769 766 3843 ad
783 3771 1007 3874 Reipublicae
1024 3772 1211 3845 interitum
1232 3773 1338 3846 1262.

435 3898 471 3969 2.
497 3895 555 3968 De
571 3893 801 3971 Secularihus
819 3895 1061 3996 scriptoribus
1080 3897 1219 3971 serioris
1236 3897 1314 3972 aevi.

436 4023 471 4094 3.
498 4019 555 4093 De
572 4017 724 4118 Scriptis
743 4018 970 4094 Clericorum
988 4020 1077 4112 (sive
1093 4019 1391 4122 Theologorum.)

435 4147 471 4216 4.
497 4143 555 4216 De
572 4141 692 4216 Poetis
710 4140 839 4216 Sacris.

437 4267 547 4356 5-9,
569 4267 625 4356 ll,
648 4266 704 4338 12.
730 4265 787 4338 De
810 4263 1001 4364 Episcopis
1024 4264 1225 4356 lslandicis‚
1242 4279 1284 4339 ut
1305 4268 1357 4340 rei
1379 4267 1543 4342 literarioe
1563 4285 1611 4341 ex·
1631 4265 1751 4342 officio
1768 4293 1870 4368 cory-

461 4391 579 4492 pheis,
589 4406 698 4490 atque
711 4415 837 4464 eorum
850 4389 895 4463 de
908 4391 1041 4464 Insulae
1053 4390 1254 4465 eruditione
1267 4391 1416 4466 meritis.
1452 4393 1731 4494 (Episcoporum
1749 4393 1871 4466 haecce

463 4515 685 4616 biographiae
709 4514 857 4589 diversae
883 4527 968 4587 sunt
991 4541 1013 4588 a
1033 4514 1137 4589 Jonae
1162 4509 1359 4607 Halthorii,
1381 4516 1490 4590 Firmi
1507 4515 1698 4591 Johannaei
1723 4527 1760 4588 et
1785 4515 1872 4589 alio-

463 4667 556 4714 rum.
606 4641 702 4717 Vitae
726 4641 968 4715 recentiorum
994 4641 1046 4736 (et
1069 4639 1373 4714 Scalholtensium
1400 4654 1438 4714 et
1462 4639 1697 4736 Holensium)
1720 4639 1871 4740 Episco-

462 4790 593 4865 porum
616 4791 690 4836 non
715 4777 800 4837 sunt
825 4766 870 4839 ab
902 4763 945 4837 iis
971 4762 1180 4863 descriptoe;
1215 4777 1271 4836 est
1296 4763 1406 4863 igitur
1429 4790 1520 4865 opus
1552 4764 1624 4837 hoc
1650 4786 1694 4837 eo
1723 4763 1871 4838 nomine

463 4888 578 4987 magis
596 4887 847 4987 completum.)

444 5013 500 5086 10.
526 5013 584 5085 De
599 5010 858 5110 Typographia
875 5009 1058 5085 lslandica·
1072 5012 1144 5104 (vel
1160 5011 1238 5109 ejus
1257 5011 1433 5112 Historia)
1456 5015 1494 5086 ll
1517 5026 1553 5086 et
1574 5014 1630 5106 12,
1647 5014 1729 5089 vide
1747 5041 1865 5116 supra.

443 5132 500 5204 13.
534 5129 592 5204 De
619 5128 759 5204 Ultima
782 5128 1040 5205 AEdificatione
1064 5131 1210 5234 Templi
1241 5131 1468 5209 Cathedralis
1492 5135 1677 5227 Holensis,
1709 5137 1770 5235 (ab
1794 5137 1872 5210 aliis
