5134 6534
1415 823 1470 902 36

531 1023 671 1087 0fflv⁰
687 1029 815 1106 Varus
832 1051 1109 1117 cossucrsnns,
1126 1027 1319 1114 nimirum

562 1109 632 1314 gg
736 1187 768 1228 a.
794 1153 999 1253 Descriptio
1015 1166 1052 1226 et
1067 1153 1271 1227 Delineatio
1290 1153 1453 1229 Cometa
1473 1151 1697 1254 Praegrandis
1712 1153 1779 1228 visi
1796 1153 1942 1229 Hasnioe
1963 1155 2068 1248 1680,
2086 1183 2212 1233 secun-

633 1288 643 1308 ·
761 1276 848 1351 dum
865 1278 1051 1378 exemplar
1068 1278 1295 1378 impressum.

553 1349 655 1538 pssm
736 1410 773 1490 β.
799 1401 1034 1478 Enumeratio
1050 1403 1306 1478 Parochiarum
1328 1405 1536 1478 Dioeceseos
1554 1403 1811 1479 Scalholtensis
1833 1406 1939 1497 1709,
1956 1406 2135 1481 annotatis
2159 1433 2213 1481 sa·

580 1540 627 1620 B,
762 1525 949 1600 cerdotum
966 1527 1094 1600 annuis
1112 1528 1257 1602 salariis.
1309 1527 1392 1602 Hac
1407 1527 1525 1602 forma
1540 1526 1687 1602 inedita.

735 1683 769 1749 γ.
794 1651 851 1724 De
868 1652 979 1726 Anno
997 1665 1104 1750 atque
1121 1651 1197 1749 ejus
1214 1653 1324 1727 Varia
1340 1653 1539 1743 Diuisione,
1555 1653 1758 1743 Manibus,
1776 1653 1842 1726 &c
1878 1652 2106 1750 (Ineditum.)

737 1777 764 1850 0.
793 1777 848 1852 De
863 1776 981 1851 Variis
998 1777 1197 1868 Miracnlis,
1214 1776 1399 1869 Meteoris,
1416 1775 1632 1877 Prophetiis,
1650 1777 1716 1851 &c
1752 1774 1936 1874 (Inedita.)

738 1933 764 1975 ε.
791 1899 990 1976 Corollaria
1005 1902 1157 1975 Ethica:
1185 1901 1368 2002 (Inedita.)

739 2035 766 2113 ζ.
793 2023 1055 2098 Onomasticon
1078 2024 1276 2116 Biblicum,
1294 2051 1378 2098 cum
1399 2025 1622 2124 singulorum
1645 2022 1825 2116 (Personis
1849 2037 1886 2096 et
1908 2023 2027 2122 Locis)
2050 2023 2216 2124 Proprio-

764 2173 844 2221 rum
870 2148 1072 2221 Nominum
1089 2148 1353 2249 Explicatione,
1371 2147 1494 2222 ordine
1520 2147 1760 2248 alphabetico.
1814 2145 2060 2248 (Opnsculum
2081 2148 2216 2222 rarissi-

764 2297 869 2344 mum
886 2285 923 2344 et
939 2270 1145 2368 ineditum.)

738 2428 769 2486 η.
795 2393 906 2471 Varia
921 2396 1135 2470 Recentiora
1151 2394 1413 2497 Geographica.

567 2626 893 2727 96.Ps1re11›n
917 2646 1109 2736 Posrrrcs,
1126 2645 1165 2718 in
1188 2644 1379 2720 Centun’as
1399 2642 1602 2734 dividenda,
1620 2641 1683 2716 sed
1708 2643 1753 2716 ab
1777 2656 1921 2716 auctore
1942 2641 1999 2715 vel
2023 2642 2217 2743 interprete

589 2763 635 2845 Β.
717 2797 792 2844 non
808 2771 981 2860 absoluta,
999 2769 1076 2867 ejus
1091 2781 1227 2861 tamen,
1244 2781 1285 2842 ut
1301 2768 1453 2858 videtur,
1473 2765 1750 2868 autographum,
1768 2779 1875 2865 atque
1891 2766 2041 2841 unicum
2058 2765 2137 2864 jam
2154 2793 2217 2841 ex-

717 2889 828 2962 istens
844 2887 1040 2988 exemplar.

569 3117 650 3229 97.
693 3137 939 3211 Batanazanl
963 3135 1154 3211 Gaacmru
1175 3135 1345 3236 Hispani,
1362 3134 1557 3210 Sententiae
1581 3133 1824 3234 Philosophiae
1844 3146 1881 3207 et
1901 3134 2049 3235 Regulae
2064 3134 2217 3226 Ethicae,

551 3252 600 3338 Β.
620 3254 668 3337 Ε.
719 3261 764 3334 ab
780 3259 1014 3360 Eggerhardo
1027 3260 1157 3335 Olavio
1170 3259 1434 3361 elegantissime
1447 3259 1485 3333 in
1497 3259 1659 3358 linguam
1677 3257 1893 3332 lalandicam
1910 3259 2091 3332 manslatae
2113 3260 2217 3340 1753.

717 3382 995 3484 Autographum
1013 3384 1234 3484 Interpretis,
1248 3382 1358 3458 literis
1372 3381 1538 3457 Gothicis
1557 3381 1743 3481 scriptum,
1757 3395 1795 3454 et
1807 3381 1952 3455 unicam
1963 3381 2043 3480 jam
2061 3381 2217 3456 existens

718 3507 914 3607 exemplar.

569 3737 650 3838 98.
742 3788 774 3827 a.
801 3754 955 3829 Banvns
968 3752 1148 3828 Anninus
1161 3755 1417 3830 Summanum
1435 3779 1517 3829 srva
1530 3753 1828 3830 Pamrncroaun
1846 3755 2049 3844 Ismnnnn,
2064 3754 2109 3827 ab
2124 3779 2219 3828 anno

584 3872 633 3954 Β.
773 3879 879 3968 1247,
901 3883 1001 3975 (cum
1019 3877 1135 3952 insula
1151 3879 1322 3978 primum,
1340 3905 1386 3952 ex
1403 3878 1522 3976 aliqua
1537 3891 1651 3979 parte,
1668 3879 1858 3979 Norvcgiae
1879 3878 2085 3952 monarchis
2109 3878 2219 3977 subji-

769 4004 935 4100 ceretur)
956 4003 1001 4076 ad
1018 4030 1153 4077 annum
1176 4005 1281 4083 1752.

742 4134 779 4214 β.
804 4126 966 4201 Annales
983 4127 1302 4228 Nomophylacum
1320 4126 1499 4219 Islandiae,
1517 4129 1563 4201 ab
1579 4154 1675 4202 anno
1692 4128 1765 4202 930
1782 4126 1828 4201 ad
1844 4151 1980 4200 annum
2002 4127 2108 4206 1742.

742 4281 776 4347 γ.
801 4250 962 4325 Annales
984 4251 1263 4328 secretariorum
1280 4253 1364 4327 Fori
1382 4251 1569 4328 Generalis
1585 4251 1764 4343 lslandioe,
1781 4251 1827 4324 ab
1844 4248 1966 4324 Officii
1986 4248 2218 4326 Institutione

773 4376 860 4448 1631
883 4374 928 4448 ad
945 4401 1081 4449 annum
1104 4375 1209 4456 1743.

745 4500 773 4572 δ.
799 4499 940 4574 Census
962 4501 1052 4597 (sive
1075 4500 1273 4596 Recensus)
1296 4501 1475 4575 Omnium
1492 4500 1685 4576 Certorum
1702 4497 1898 4573 Redituum
1919 4497 2165 4596 (Tributorum
2181 4516 2219 4577 et

769 4623 1015 4718 locariorum)
1039 4625 1180 4724 Regum
1207 4623 1347 4714 Daniae,
1372 4649 1418 4696 ex
1443 4624 1610 4698 universa
1634 4623 1802 4715 Islandia,
1824 4637 1954 4724 praeter
1977 4627 2218 4724 possessiones

771 4748 941 4823 Coenobii
966 4747 1194 4847 Videyensis‚
1216 4763 1294 4820 tum
1319 4748 1469 4848 abipso
1495 4748 1620 4822 insulae
1644 4746 1817 4822 Praefecto
1843 4747 2119 4842 administratas,
2138 4751 2217 4848 jam

771 4883 890 4944 autem
911 4871 1044 4972 praedia
1064 4872 1215 4971 regiain
1233 4870 1504 4971 Gullbringcnsi
1520 4885 1557 4945 et
1574 4871 1741 4944 Kioscnsi
1756 4871 1959 4972 Toparchia
1981 4873 2217 4970 includentes,

772 5019 814 5066 ac
830 5006 959 5092 prater
974 4995 1186 5095 pensionem
1206 4995 1431 5068 tributariam
1448 4995 1468 5068 ἒ
1484 5020 1521 5067 re
1537 4995 1663 5068 insulae
1683 4995 1905 5086 mercatoria,
1927 5000 2030 5093 (tunc
2046 5002 2217 5098 temporis

772 5118 866 5190 circa
881 5117 1016 5207 20,000
1033 5116 1078 5190 ad
1094 5119 1230 5210 23,000
1245 5117 1447 5217 imperiales
1463 5117 1572 5216 prisci
1589 5118 1745 5215 valona)
1767 5145 1862 5194 anno
1884 5117 1977 5199 1707
1988 5151 1999 5205 ;
2025 5121 2218 5223 praecipue,
