5134 6534
1405 845 1459 928 26

508 1058 659 1138 Quaaro.
769 1053 882 1128 Olaus
908 1053 1448 1155 Olavius,posteaSecrcta1ius
1467 1054 1591 1154 Regia
1610 1053 1775 1131 Camerae
1798 1066 1836 1127 et
1855 1054 2043 1156 Inspector
2058 1055 2199 1130 Telonii

792 1178 1010 1279 Sebagensis
1027 1179 1065 1252 in
1082 1178 1211 1253 Dania.

767 1303 905 1377 Finnus
918 1303 1080 1377 Thorolli
1098 1303 1215 1392 Mula,
1232 1304 1413 1402 (strenuus
1426 1302 1672 1404 Philosophia
1690 1304 1831 1397 Cultor,
1846 1305 1909 1380 sed
1925 1305 1962 1378 in
1981 1305 2059 1404 ipsa
2069 1307 2201 1404 juven-

792 1441 870 1502 tute
887 1424 1108 1522 defunctus.)

768 1548 1012 1624 Gudmundus
1030 1550 1200 1640 Petraeus,
1221 1549 1360 1652 (postea
1378 1549 1570 1650 'l'oparcha
1589 1548 1781 1642 Mulensis,
1798 1550 1837 1624 in
1854 1550 2020 1625 Islandiae
2037 1552 2201 1626 orientali

791 1675 922 1775 parte,)
944 1702 1028 1749 cum
1045 1675 1123 1748 aliis
1140 1676 1318 1775 plurimis.

768 1796 956 1870 Postrema
972 1809 1251 1870 memoratarum
1270 1797 1531 1871 cantilenarum
1555 1795 1601 1869 ad
1622 1810 1712 1870 tunc
1733 1821 1910 1896 nuperam
1930 1795 2201 1872 Struensianam

793 1919 1054 1994 revolutionem
1071 1919 1261 1994 manifeste
1278 1920 1417 1994 alludit.
1465 1919 1663 2019 Exemplar
1680 1919 1829 1993 unicum
1847 1917 1945 2017 quod
1960 1946 2122 2019 unquam
2139 1946 2202 1994 ex-

795 2044 897 2134 stitit,
914 2044 1100 2118 historiam
1128 2043 1372 2119 academicam
1396 2043 1622 2118 lslandorum
1650 2043 1909 2117 Hafiriensium
1933 2057 1969 2116 et
1991 2043 2069 2141 ejus
2090 2044 2200 2118 seculi

793 2169 942 2269 genium
967 2197 1040 2242 non
1062 2171 1214 2243 obscure
1237 2170 1430 2242 illustrans.
1483 2167 1638 2266 [Addita
1658 2181 1713 2242 est
1733 2181 1916 2268 postremo
1935 2167 2123 2268 inscriptio
2140 2195 2202 2242 au-

792 2289 971 2390 tographa
987 2290 1129 2366 Danica
1153 2290 1366 2365 immortalis
1391 2316 1434 2364 ac
1460 2317 1567 2390 supra
1592 2288 1727 2362 laudati
1749 2288 1815 2361 viri
1837 2287 2003 2362 Seulonis
2019 2286 2202 2361 Theodori

791 2411 973 2486 Thorlacii
1006 2414 1210 2511 (clarissimi
1237 2414 1378 2515 Birgeri
1404 2414 1587 2488 'l'horlacii
1611 2412 1739 2513 patris)
1767 2411 1814 2485 de
1841 2410 1943 2485 obitu
1972 2409 2080 2510 primi
2107 2410 2202 2484 illius

794 2537 973 2611 societatis
995 2537 1156 2638 praesidis
1182 2537 1393 2629 doctissimi,
1414 2551 1523 2636 atque
1548 2537 1662 2638 ipsius
1687 2535 1853 2610 fidissimi
1880 2534 2000 2622 amici,
2024 2534 2202 2608 Johannis

793 2661 927 2752 Olavii,
942 2688 1078 2735 annum
1095 2663 1209 2736 atatis
1228 2662 1337 2736 82dum
1354 2663 1506 2763 agentis,
1523 2660 1669 2737 Hafniae
1686 2662 1744 2736 die
1765 2663 1843 2736 18'0
1858 2661 1973 2752 Junii,
1990 2662 2075 2736 anni
2097 2664 2202 2752 1811,

793 2795 831 2854 ct
848 2784 1031 2882 sepultura
1048 2785 1322 2882 subsequente]

544 3032 626 3133 69
719 3062 751 3102 a.
778 3010 992 3104 Salanus
1012 3031 1156 3131 proprie
1180 3031 1232 3105 sic
1256 3031 1365 3123 dicta,
1382 3031 1456 3105 sive
1473 3044 1614 3108 vetusta
1636 3031 1898 3133 septentrionis
1915 3031 2074 3121 Politice,
2090 3030 2204 3104 Eddae

564 3169 609 3252 C·
739 3150 876 3248 juniori
893 3154 1107 3254 plerumque
1124 3154 1314 3256 adscripta.

560 3299 607 3379 B·
719 3283 756 3363 β.
781 3275 936 3354 Vetusta
952 3278 1118 3377 quaedam
1137 3278 1383 3370 Collectanea,
1400 3278 1440 3352 in
1455 3279 1582 3379 primis
1599 3278 1759 3370 nomina,
1773 3304 1916 3379 genera,
1931 3293 1968 3353 et
1984 3283 2108 3380 figurae
2125 3282 2204 3354 lite-

744 3426 864 3474 rarum
889 3402 1036 3502 (partim
1060 3402 1249 3497 rariorum)
1274 3402 1497 3476 Runicarum
1521 3416 1558 3476 et
1578 3404 1819 3477 recentiorum
1837 3403 2076 3479 Gothicarum
2099 3408 2203 3503 (quas

745 3527 911 3602 mulieres
930 3529 1061 3603 suturis
1079 3529 1260 3630 applicare
1279 3530 1411 3626 solent)
1431 3529 1497 3603 &c

544 3773 626 3885 70
673 3773 890 3849 Couuucrro
909 3800 1074 3849 varusm
1089 3776 1391 3851 Vocnnuuonuru
1410 3798 1649 3864 smrmcruru,
1667 3774 1792 3849 ordine
1809 3773 2038 3876 alphabetico
2054 3773 2205 3873 disposi-

562 3912 611 3994 Β,
696 3911 828 3990 torum,
856 3902 923 3974 sub
950 3901 1076 3974 titulo:
1113 3901 1296 3975 Islenzk
1324 3900 1558 3991 Malnefni,
1587 3901 1764 4000 (Nomina
1790 3899 1974 3976 Sermonis
2005 3896 2202 3993 Islandici‚)

696 4022 856 4096 Interea
876 4025 992 4098 multa
1014 4025 1242 4125 reperiuntur
1263 4024 1406 4114 rariora,
1424 4025 1550 4097 lexicis
1573 4024 1635 4099 vix
1658 4025 1778 4098 illata:
1804 4023 1957 4098 Inedita.
2003 4021 2205 4121 (Verisimi-

697 4154 751 4212 ter
768 4141 917 4215 unicum
936 4170 1098 4241 unquam
1116 4145 1274 4218 existens
1292 4146 1505 4245 exemplar.)

546 4387 627 4499 71,
673 4385 895 4461 Docnssnn
921 4388 1061 4463 Esourr
1087 4389 1213 4464 JONAE1
1247 4391 1338 4487 (sive
1363 4390 1589 4488 Jonnuuar)
1619 4390 1708 4464 olim
1735 4386 1936 4464 Sacerdotis
1958 4384 2139 4460 Vallensis
2166 4387 2204 4458 in

531 4524 578 4606 Β,
594 4526 646 4609 Ῑ)ο
699 4509 868 4602 Islandia,
892 4512 1127 4588 Schediasma
1151 4514 1196 4588 de
1221 4541 1310 4590 voce
1340 4515 1498 4607 Bondi,
1524 4531 1561 4589 et
1582 4516 1688 4589 variis
1711 4513 1788 4610 ejus
1814 4509 2137 4611 significationibus
2166 4509 2204 4582 in

700 4637 908 4735 antiquioris
926 4640 1117 4714 literaturae
1134 4641 1393 4732 monumentis,
1411 4653 1452 4715 ut
1467 4641 1621 4741 legibus,
1638 4637 1808 4727 historiis,
1825 4635 2026 4725 annalibus,
2044 4635 2111 4708 &c
2137 4635 2205 4707 La-

698 4759 786 4834 tine.
838 4763 1134 4865 (Autographum
1151 4764 1358 4861 ineditum.)

547 5005 629 5114 72,
673 5009 888 5084 Bronuoms
912 5010 1135 5086 Hauruoau
1164 5012 1238 5110 (vel
1266 5011 1552 5104 Hnuuonsoun)
1582 5008 1751 5083 Auctoris
1778 5005 1903 5079 lexici
1932 5002 2114 5092 Islandici‚
2139 5003 2204 5075 &c

531 5140 578 5222 Β,
598 5142 651 5222 D,
704 5132 998 5210 Commentarius
1022 5131 1445 5234 Philologicoduridicus
1471 5132 1511 5205 in
1531 5157 1659 5206 voces:
1684 5130 1841 5232 Ag6di,
1865 5129 2086 5229 (proventus,
2106 5153 2207 5200 usus-
