5134 6534
1097 853 1152 934 a?

383 1061 547 1158 fructus)
563 1055 862 1156 Fiiirunytiar,
881 1055 1090 1155 (proventus
1109 1055 1182 1129 sive
1199 1053 1422 1128 ususfructus
1439 1053 1459 1130 ἒ
1475 1054 1605 1151 litore)
1624 1052 2047 1153 GrasnytiarQuanro.

387 1188 598 1287 (proventus
625 1187 645 1257 ὲ
671 1182 932 1283 vegetabilibus
957 1179 1089 1276 fundi‚)
1122 1192 1159 1253 et
1188 1177 1637 1268 Grasnautnarhvalr,
1669 1179 1822 1271 (balaena
1849 1178 1887 1252 in

382 1306 537 1382 fundum
554 1318 758 1379 terrestrem
774 1316 980 1404 pratensem
996 1327 1043 1374 ex
1065 1325 1201 1374 oceano
1217 1300 1358 1398 ejecta.)
1402 1299 1473 1374 Hae
1488 1313 1560 1372 tres
1574 1298 1711 1372 ultimae
1726 1325 1832 1372 voces
1849 1298 1887 1371 in

384 1431 496 1532 ipsius
514 1430 666 1503 auctoris
677 1429 757 1526 jam
774 1427 949 1528 impresso
967 1424 1102 1498 Lexico
1117 1423 1297 1498 Islandico
1314 1437 1400 1497 sunt
1414 1423 1559 1525 penitus
1577 1422 1729 1497 omissae.
1758 1422 1888 1520 (Auto-

384 1550 565 1651 grapbum
581 1547 785 1644 ineditum.)

359 1801 557 1875 Buauours
579 1798 754 1873 Jonusnu
780 1796 993 1871 Dissertatio
1017 1793 1389 1893 Antiquario-Critica
1413 1792 1458 1866 de
1485 1792 1622 1892 Satyris
1647 1791 1828 1866 veteribus
1853 1805 1890 1865 et
1932 1778 2012 1890 73.

385 1925 498 2015 novis,
518 1921 720 2018 (Parracis,
732 1919 895 2012 Faunis,
914 1922 980 1994 &c
998 1920 1134 1994 Ebroeis
1157 1931 1195 1992 et
1217 1917 1549 2006 Graeco-Romanis,
1567 1930 1604 1989 at
1619 1916 1889 2016 Septentriona-
1917 1919 1964 2001 B,
1984 1920 2035 2000 D,

386 2047 488 2138 lium,
507 2047 583 2121 scil.
601 2047 866 2146 Norvegorum,
882 2043 1123 2133 Islandorum,
1140 2059 1176 2115 et
1192 2043 1242 2143 pl.
1259 2040 1399 2125 Alfis;
1425 2040 1536 2139 Angl.
1555 2038 1641 2138 Εζβ,
1655 2039 1785 2128 Elaea,
1804 2041 1886 2137 &c.)

387 2172 498 2265 (circa
526 2167 687 2244 medium
718 2168 828 2242 seculi
857 2165 937 2241 1811ιί
960 2166 1175 2267 conscripta,
1199 2164 1263 2239 sed
1287 2164 1327 2237 in
1349 2164 1448 2239 Hist.
1473 2163 1561 2237 List.
1587 2164 1649 2237 lsl.
1679 2164 1890 2265 Sciagraph.

386 2317 460 2364 non
477 2287 703 2385 memorata.)
740 2287 1021 2389 Autographum
1038 2286 1216 2362 ineditum
1233 2301 1271 2359 et
1286 2285 1527 2360 verisimiliter
1540 2284 1726 2385 exemplar
1741 2286 1891 2359 unicum

380 2415 459 2512 jam
478 2414 656 2487 existens:
683 2412 822 2486 Latine.

1044 2612 1205 2687 Patrico.

363 2781 637 2859 Canunannnss
652 2783 843 2859 Jouauurs
863 2783 1004 2860 Ornvn
1022 2783 1328 2858 Grunnavicensis
1352 2783 1530 2860 Collectio
1553 2782 1757 2856 Metrorum
1779 2781 1894 2857 Islan·
1937 2763 2018 2875 74.

387 2905 563 2998 dicorum,
577 2933 702 2981 eorum
719 2907 901 3009 praecipue
918 2933 998 3006 quae
1014 2933 1081 3008 pro
1094 2906 1315 2982 difficillimis
1329 2921 1366 2982 et
1383 2906 1685 2981 artificiosissimis
1703 2906 1893 2997 habentur,
1921 2904 1969 2984 Β.
1989 2901 2037 2982 Ε.

387 3052 581 3100 nrmrrum:

412 3185 444 3224 a.
471 3149 572 3224 Halli
590 3150 664 3225 sive
681 3150 823 3224 Halleri
835 3152 996 3252 Magnaei
1016 3151 1194 3250 (defuncti
1211 3179 1307 3227 anno
1325 3153 1416 3228 Chr.
1439 3153 1545 3243 1587,
1562 3152 1798 3226 Enumeratio
1818 3153 1896 3254 Ap-

437 3274 688 3375 pellationum,
712 3301 793 3373 quae
818 3276 867 3348 50
890 3274 1037 3350 diversis
1066 3277 1289 3376 antiquitatis
1313 3278 1438 3352 metris
1464 3277 1541 3375 ejus
1566 3291 1730 3378 tempore
1755 3279 1894 3377 imponi

437 3399 611 3473 solebant.

413 3536 450 3616 β.
476 3525 651 3623 Ejusdem
674 3525 1079 3618 Rimas-Hattatal,
1097 3527 1171 3601 sive
1187 3525 1368 3627 Exempla
1390 3528 1439 3600 38
1463 3540 1660 3601 metrorum
1686 3526 1893 3601 recentioris

438 3645 591 3746 generis,
616 3672 697 3744 quoe
722 3647 831 3746 vulgo
857 3649 1086 3747 appellantur
1111 3647 1276 3739 Rimur,
1306 3649 1360 3745 (in
1387 3650 1480 3749 sing.
1497 3647 1623 3740 Rima,
1645 3648 1756 3748 Angl.
1774 3647 1894 3738 Rime,

437 3772 532 3846 Dan.
550 3769 650 3859 Rim,
668 3771 751 3866 διο.)
804 3771 897 3844 Haec
919 3771 996 3868 ejus
1021 3772 1195 3848 Carmina
1217 3773 1256 3848 in
1280 3773 1490 3874 Sciagraph.
1514 3773 1611 3846 Hist.
1637 3773 1708 3845 Lit.
1732 3772 1793 3845 lsl.
1820 3797 1894 3844 non

437 3907 695 3968 memorantur.

412 4051 445 4116 γ.
472 4018 556 4094 Alia
573 4017 700 4091 similis
718 4017 909 4109 collectio,
927 4022 1032 4120 plura
1047 4023 1228 4121 exempla,
1243 4021 1284 4095 in
1301 4047 1443 4095 summa
1459 4023 1521 4111 34,
1538 4020 1795 4120 complectens.

415 4145 444 4218 l.
468 4146 560 4220 Duae
576 4157 714 4219 veteres
733 4142 947 4234 Cantilenae,
964 4142 1099 4218 Oreadi
1116 4145 1329 4246 Norvegicae
1346 4160 1383 4219 et
1399 4146 1534 4220 Sancto
1550 4145 1668 4219 Olavo
1684 4144 1776 4245 Regi
1799 4146 1892 4238 (tum

436 4275 563 4369 puero)
582 4268 780 4368 adscriptae.

413 4427 439 4468 ε.
467 4393 589 4468 Clavis
606 4393 764 4466 Metrica
778 4391 978 4491 Anonymi,
996 4393 1186 4467 continens
1202 4397 1251 4467 44
1270 4397 1450 4497 exempla.

414 4528 441 4607 ζ.
469 4517 591 4592 Clavis
608 4517 765 4590 Metrica
781 4514 994 4590 Gudmundi
1007 4516 1224 4608 Theodorei,
1241 4519 1487 4620 complectens
1505 4521 1554 4592 20
1571 4519 1751 4619 exempla.

413 4670 444 4727 η.
472 4635 594 4712 Clavis
616 4635 772 4710 Matrica
787 4636 962 4735 Antiqua,
980 4663 1000 4710 e
1024 4638 1252 4713 collectaneis
1275 4639 1405 4741 Magni
1422 4640 1445 4715 J
1447 4641 1612 4714 ohannaei
1629 4639 1829 4740 Vigrensis,
1846 4641 1895 4712 20

437 4754 628 4828 rarioribus
646 4757 769 4830 metris
786 4771 966 4832 constans.

414 4884 442 4951 θ.
468 4874 579 4951 Sexta
593 4874 748 4949 Vetusta
762 4877 961 4979 Anonyma
977 4881 1166 4956 continens
1185 4884 1354 4984 exempla
1371 4886 1431 4958 65.

413 5029 436 5072 ι.
462 4996 622 5095 Singulae
645 4996 847 5076 Cantilenae
863 5003 1056 5078 Poetarum
1075 5005 1339 5099 Celebriorum,
1362 5007 1439 5082 scil.
1457 5007 1592 5081 Fratris
1606 5007 1729 5098 Amoe,
1749 5006 1895 5106 (Mona-

280 5207 285 5220 ,
438 5120 499 5196 chi
530 5119 713 5220 quondam
739 5121 1038 5230 Tbingeyrensis)
1067 5130 1260 5207 Biomonis
1284 5131 1489 5225 Johannoei,
1513 5131 1695 5206 Theodori
1720 5127 1880 5229 Magnaei

1095 5259 1158 5331 aa
