<?xml version="1.0" encoding="UTF-8"?>
<!DOCTYPE html PUBLIC "-//W3C//DTD XHTML 1.0 Transitional//EN"
    "http://www.w3.org/TR/xhtml1/DTD/xhtml1-transitional.dtd">
<html xmlns="http://www.w3.org/1999/xhtml" xml:lang="en" lang="en">
 <head>
  <title>
</title>
<meta http-equiv="Content-Type" content="text/html;charset=utf-8" />
  <meta name='ocr-system' content='tesseract 3.04.00' />
  <meta name='ocr-capabilities' content='ocr_page ocr_carea ocr_par ocr_line ocrx_word'/>
</head>
<body>
  <div class='ocr_page' id='page_1' title='image "./cataloguscritic00librgoog_0050.png"; bbox 0 0 5134 6534; ppageno 0'>
   <div class='ocr_carea' id='block_1_1' title="bbox 1093 837 1143 914">
    <p class='ocr_par' dir='ltr' id='par_1_1' title="bbox 1093 837 1143 914">
     <span class='ocr_line' id='line_1_1' title="bbox 1093 837 1143 914; baseline -0.02 0"><span class='ocrx_word' id='word_1_1' title='bbox 1093 837 1143 914; x_wconf 85' lang='lat'><strong>41</strong></span> 
     </span>
    </p>
   </div>
   <div class='ocr_carea' id='block_1_2' title="bbox 375 1037 2038 2257">
    <p class='ocr_par' dir='ltr' id='par_1_2' title="bbox 376 1037 2038 1977">
     <span class='ocr_line' id='line_1_2' title="bbox 380 1037 2038 1143; baseline 0 -31"><span class='ocrx_word' id='word_1_2' title='bbox 380 1038 488 1112; x_wconf 91' lang='lat' dir='ltr'><strong>etiam</strong></span> <span class='ocrx_word' id='word_1_3' title='bbox 511 1041 569 1137; x_wconf 94' lang='lat' dir='ltr'><strong>(ut</strong></span> <span class='ocrx_word' id='word_1_4' title='bbox 584 1038 740 1135; x_wconf 85' lang='lat' dir='ltr'><strong>videtur)</strong></span> <span class='ocrx_word' id='word_1_5' title='bbox 762 1039 965 1139; x_wconf 80' lang='lat' dir='ltr'><strong>originales.</strong></span> <span class='ocrx_word' id='word_1_6' title='bbox 1001 1039 1101 1112; x_wconf 89' lang='lat' dir='ltr'><strong>Inter</strong></span> <span class='ocrx_word' id='word_1_7' title='bbox 1118 1038 1183 1112; x_wconf 89' lang='lat' dir='ltr'><strong>has</strong></span> <span class='ocrx_word' id='word_1_8' title='bbox 1201 1038 1375 1113; x_wconf 77' lang='lat' dir='ltr'><strong>melodias</strong></span> <span class='ocrx_word' id='word_1_9' title='bbox 1392 1065 1465 1112; x_wconf 89' lang='lat' dir='ltr'><strong>una</strong></span> <span class='ocrx_word' id='word_1_10' title='bbox 1484 1037 1636 1136; x_wconf 82' lang='lat' dir='ltr'><strong>(Psalmi</strong></span> <span class='ocrx_word' id='word_1_11' title='bbox 1657 1040 1742 1138; x_wconf 82' lang='lat'>136)</span> <span class='ocrx_word' id='word_1_12' title='bbox 1762 1039 2038 1143; x_wconf 73' lang='lat' dir='ltr'><strong>adapt-Ocrxvo</strong></span> 
     </span>
     <span class='ocr_line' id='line_1_3' title="bbox 379 1137 1998 1262; baseline 0.003 -29"><span class='ocrx_word' id='word_1_13' title='bbox 379 1161 429 1234; x_wconf 87' lang='lat' dir='ltr'><strong>ari</strong></span> <span class='ocrx_word' id='word_1_14' title='bbox 456 1173 577 1262; x_wconf 90' lang='lat' dir='ltr'><strong>potest</strong></span> <span class='ocrx_word' id='word_1_15' title='bbox 603 1174 719 1236; x_wconf 89' lang='lat' dir='ltr'><strong>metro</strong></span> <span class='ocrx_word' id='word_1_16' title='bbox 746 1161 990 1237; x_wconf 86' lang='lat' dir='ltr'><strong>vetustissimo</strong></span> <span class='ocrx_word' id='word_1_17' title='bbox 1020 1162 1331 1238; x_wconf 89' lang='lat' dir='ltr'><strong>Scandinavorum</strong></span> <span class='ocrx_word' id='word_1_18' title='bbox 1361 1161 1459 1236; x_wconf 89' lang='lat' dir='ltr'><strong>dicto</strong></span> <span class='ocrx_word' id='word_1_19' title='bbox 1492 1161 1783 1260; x_wconf 80' lang='lat' dir='ltr'><strong>Drottqvaedi,</strong></span> <span class='ocrx_word' id='word_1_20' title='bbox 1818 1164 1887 1238; x_wconf 85' lang='lat' dir='ltr'><strong>alia</strong></span> <span class='ocrx_word' id='word_1_21' title='bbox 1946 1137 1998 1200; x_wconf 66' lang='lat'><strong>&amp;⁰¹</strong></span> 
     </span>
     <span class='ocr_line' id='line_1_4' title="bbox 379 1285 1886 1388; baseline 0.002 -29"><span class='ocrx_word' id='word_1_22' title='bbox 379 1298 500 1359; x_wconf 91' lang='lat' dir='ltr'><strong>autem</strong></span> <span class='ocrx_word' id='word_1_23' title='bbox 519 1286 669 1380; x_wconf 77' lang='lat' dir='ltr'><strong>(Psalmi</strong></span> <span class='ocrx_word' id='word_1_24' title='bbox 691 1289 774 1384; x_wconf 87' lang='grc'><strong>139)</strong></span> <span class='ocrx_word' id='word_1_25' title='bbox 796 1313 863 1388; x_wconf 88' lang='lat' dir='ltr'><strong>pro</strong></span> <span class='ocrx_word' id='word_1_26' title='bbox 885 1287 1081 1361; x_wconf 89' lang='lat' dir='ltr'><strong>variatione</strong></span> <span class='ocrx_word' id='word_1_27' title='bbox 1104 1285 1278 1384; x_wconf 90' lang='lat' dir='ltr'><strong>ejusdem,</strong></span> <span class='ocrx_word' id='word_1_28' title='bbox 1295 1287 1394 1386; x_wconf 92' lang='lat' dir='ltr'><strong>quod</strong></span> <span class='ocrx_word' id='word_1_29' title='bbox 1416 1287 1691 1388; x_wconf 78' lang='lat' dir='ltr'><strong>Fornyrllala</strong></span> <span class='ocrx_word' id='word_1_30' title='bbox 1698 1315 1722 1388; x_wconf 92' lang='lat' dir='ltr'><strong>g</strong></span> <span class='ocrx_word' id='word_1_31' title='bbox 1743 1287 1886 1381; x_wconf 85' lang='lat' dir='ltr'><strong>dicitur,</strong></span> 
     </span>
     <span class='ocr_line' id='line_1_5' title="bbox 377 1408 1886 1512; baseline 0.005 -31"><span class='ocrx_word' id='word_1_32' title='bbox 377 1409 618 1486; x_wconf 86' lang='lat' dir='ltr'><strong>verisimiliter</strong></span> <span class='ocrx_word' id='word_1_33' title='bbox 634 1423 688 1483; x_wconf 90' lang='lat' dir='ltr'><strong>est</strong></span> <span class='ocrx_word' id='word_1_34' title='bbox 704 1408 882 1484; x_wconf 88' lang='lat' dir='ltr'><strong>habenda.</strong></span> <span class='ocrx_word' id='word_1_35' title='bbox 933 1410 986 1484; x_wconf 93' lang='lat' dir='ltr'><strong>Hi</strong></span> <span class='ocrx_word' id='word_1_36' title='bbox 1005 1411 1134 1485; x_wconf 89' lang='lat' dir='ltr'><strong>musici</strong></span> <span class='ocrx_word' id='word_1_37' title='bbox 1151 1409 1289 1484; x_wconf 90' lang='lat' dir='ltr'><strong>moduli</strong></span> <span class='ocrx_word' id='word_1_38' title='bbox 1307 1437 1349 1485; x_wconf 89' lang='lat' dir='ltr'><strong>ac</strong></span> <span class='ocrx_word' id='word_1_39' title='bbox 1366 1424 1481 1485; x_wconf 90' lang='lat' dir='ltr'><strong>metra</strong></span> <span class='ocrx_word' id='word_1_40' title='bbox 1498 1411 1596 1512; x_wconf 89' lang='lat' dir='ltr'><strong>genii</strong></span> <span class='ocrx_word' id='word_1_41' title='bbox 1612 1412 1708 1485; x_wconf 90' lang='lat' dir='ltr'><strong>inter</strong></span> <span class='ocrx_word' id='word_1_42' title='bbox 1723 1411 1886 1488; x_wconf 88' lang='lat' dir='ltr'><strong>Islandos</strong></span> 
     </span>
     <span class='ocr_line' id='line_1_6' title="bbox 378 1531 1886 1611; baseline 0.005 -7"><span class='ocrx_word' id='word_1_43' title='bbox 378 1531 473 1606; x_wconf 91' lang='lat' dir='ltr'><strong>illius</strong></span> <span class='ocrx_word' id='word_1_44' title='bbox 497 1533 565 1607; x_wconf 85' lang='lat' dir='ltr'><strong>aevi</strong></span> <span class='ocrx_word' id='word_1_45' title='bbox 592 1535 687 1608; x_wconf 91' lang='lat' dir='ltr'><strong>clara</strong></span> <span class='ocrx_word' id='word_1_46' title='bbox 712 1545 796 1607; x_wconf 86' lang='lat' dir='ltr'><strong>sunt</strong></span> <span class='ocrx_word' id='word_1_47' title='bbox 822 1548 1070 1607; x_wconf 87' lang='lat' dir='ltr'><strong>monumenta.</strong></span> <span class='ocrx_word' id='word_1_48' title='bbox 1120 1534 1189 1609; x_wconf 89' lang='lat' dir='ltr'><strong>Est</strong></span> <span class='ocrx_word' id='word_1_49' title='bbox 1212 1533 1454 1609; x_wconf 86' lang='lat' dir='ltr'><strong>verisimiliter</strong></span> <span class='ocrx_word' id='word_1_50' title='bbox 1478 1535 1569 1608; x_wconf 91' lang='lat' dir='ltr'><strong>liber</strong></span> <span class='ocrx_word' id='word_1_51' title='bbox 1596 1535 1700 1610; x_wconf 88' lang='lat' dir='ltr'><strong>hicce</strong></span> <span class='ocrx_word' id='word_1_52' title='bbox 1724 1549 1886 1611; x_wconf 86' lang='lat' dir='ltr'><strong>vetustus</strong></span> 
     </span>
     <span class='ocr_line' id='line_1_7' title="bbox 382 1655 1885 1759; baseline 0.004 -31"><span class='ocrx_word' id='word_1_53' title='bbox 382 1655 501 1754; x_wconf 89' lang='lat' dir='ltr'><strong>(cujus</strong></span> <span class='ocrx_word' id='word_1_54' title='bbox 525 1657 695 1730; x_wconf 89' lang='lat' dir='ltr'><strong>ultimum</strong></span> <span class='ocrx_word' id='word_1_55' title='bbox 724 1655 852 1731; x_wconf 84' lang='lat' dir='ltr'><strong>folium</strong></span> <span class='ocrx_word' id='word_1_56' title='bbox 875 1655 1130 1731; x_wconf 87' lang='lat' dir='ltr'><strong>tantummodo</strong></span> <span class='ocrx_word' id='word_1_57' title='bbox 1159 1657 1283 1731; x_wconf 86' lang='lat' dir='ltr'><strong>deesse</strong></span> <span class='ocrx_word' id='word_1_58' title='bbox 1312 1657 1468 1756; x_wconf 88' lang='lat' dir='ltr'><strong>videtur)</strong></span> <span class='ocrx_word' id='word_1_59' title='bbox 1498 1659 1613 1758; x_wconf 91' lang='lat' dir='ltr'><strong>ignoti</strong></span> <span class='ocrx_word' id='word_1_60' title='bbox 1642 1671 1679 1732; x_wconf 89' lang='lat' dir='ltr'><strong>at</strong></span> <span class='ocrx_word' id='word_1_61' title='bbox 1708 1659 1885 1759; x_wconf 87' lang='lat' dir='ltr'><strong>ingeniosi</strong></span> 
     </span>
     <span class='ocr_line' id='line_1_8' title="bbox 378 1777 1886 1879; baseline 0.002 -29"><span class='ocrx_word' id='word_1_62' title='bbox 378 1777 583 1878; x_wconf 86' lang='lat' dir='ltr'><strong>interpretis</strong></span> <span class='ocrx_word' id='word_1_63' title='bbox 613 1779 876 1879; x_wconf 85' lang='lat' dir='ltr'><strong>autographon,</strong></span> <span class='ocrx_word' id='word_1_64' title='bbox 906 1792 1014 1878; x_wconf 89' lang='lat' dir='ltr'><strong>atque</strong></span> <span class='ocrx_word' id='word_1_65' title='bbox 1043 1779 1192 1854; x_wconf 91' lang='lat' dir='ltr'><strong>unicum</strong></span> <span class='ocrx_word' id='word_1_66' title='bbox 1223 1780 1330 1854; x_wconf 89' lang='lat' dir='ltr'><strong>simul</strong></span> <span class='ocrx_word' id='word_1_67' title='bbox 1351 1779 1431 1878; x_wconf 90' lang='lat' dir='ltr'><strong>jam</strong></span> <span class='ocrx_word' id='word_1_68' title='bbox 1461 1780 1644 1854; x_wconf 84' lang='lat' dir='ltr'><strong>existens:</strong></span> <span class='ocrx_word' id='word_1_69' title='bbox 1675 1779 1785 1853; x_wconf 90' lang='lat' dir='ltr'><strong>literis</strong></span> <span class='ocrx_word' id='word_1_70' title='bbox 1812 1779 1886 1854; x_wconf 88' lang='lat' dir='ltr'><strong>Go-</strong></span> 
     </span>
     <span class='ocr_line' id='line_1_9' title="bbox 376 1903 875 1977; baseline 0.004 -2"><span class='ocrx_word' id='word_1_71' title='bbox 376 1903 484 1977; x_wconf 90' lang='lat' dir='ltr'><strong>thicis</strong></span> <span class='ocrx_word' id='word_1_72' title='bbox 501 1915 660 1977; x_wconf 86' lang='lat' dir='ltr'><strong>correcte</strong></span> <span class='ocrx_word' id='word_1_73' title='bbox 676 1917 875 1977; x_wconf 90' lang='lat' dir='ltr'><strong>exaratum.</strong></span> 
     </span>
    </p>

    <p class='ocr_par' dir='ltr' id='par_1_3' title="bbox 375 2027 1886 2257">
     <span class='ocr_line' id='line_1_10' title="bbox 417 2027 1886 2130; baseline 0.001 -27"><span class='ocrx_word' id='word_1_74' title='bbox 417 2027 478 2119; x_wconf 82' lang='lat' dir='ltr'><strong>(In</strong></span> <span class='ocrx_word' id='word_1_75' title='bbox 503 2028 612 2125; x_wconf 88' lang='lat' dir='ltr'><strong>hujus</strong></span> <span class='ocrx_word' id='word_1_76' title='bbox 635 2028 770 2103; x_wconf 92' lang='lat' dir='ltr'><strong>codicis</strong></span> <span class='ocrx_word' id='word_1_77' title='bbox 791 2029 952 2128; x_wconf 89' lang='lat' dir='ltr'><strong>tegmine</strong></span> <span class='ocrx_word' id='word_1_78' title='bbox 977 2029 1210 2130; x_wconf 88' lang='lat' dir='ltr'><strong>conspicitur,</strong></span> <span class='ocrx_word' id='word_1_79' title='bbox 1234 2029 1328 2102; x_wconf 92' lang='lat' dir='ltr'><strong>inter</strong></span> <span class='ocrx_word' id='word_1_80' title='bbox 1348 2029 1418 2104; x_wconf 88' lang='lat' dir='ltr'><strong>alia</strong></span> <span class='ocrx_word' id='word_1_81' title='bbox 1440 2042 1664 2122; x_wconf 85' lang='lat' dir='ltr'><strong>ornamenta,</strong></span> <span class='ocrx_word' id='word_1_82' title='bbox 1681 2030 1769 2129; x_wconf 89' lang='lat' dir='ltr'><strong>regii</strong></span> <span class='ocrx_word' id='word_1_83' title='bbox 1790 2030 1886 2104; x_wconf 89' lang='lat' dir='ltr'><strong>illius</strong></span> 
     </span>
     <span class='ocr_line' id='line_1_11' title="bbox 375 2153 1108 2257; baseline 0 -29"><span class='ocrx_word' id='word_1_84' title='bbox 375 2153 479 2228; x_wconf 91' lang='lat' dir='ltr'><strong>Vatis</strong></span> <span class='ocrx_word' id='word_1_85' title='bbox 496 2158 623 2255; x_wconf 86' lang='lat' dir='ltr'><strong>figura,</strong></span> <span class='ocrx_word' id='word_1_86' title='bbox 640 2156 742 2257; x_wconf 92' lang='lat' dir='ltr'><strong>prelo</strong></span> <span class='ocrx_word' id='word_1_87' title='bbox 759 2155 888 2257; x_wconf 84' lang='lat' dir='ltr'><strong>saepius</strong></span> <span class='ocrx_word' id='word_1_88' title='bbox 907 2156 1108 2256; x_wconf 86' lang='lat' dir='ltr'><strong>impressa.)</strong></span> 
     </span>
    </p>
   </div>
   <div class='ocr_carea' id='block_1_3' title="bbox 350 2375 2031 4357">
    <p class='ocr_par' dir='ltr' id='par_1_4' title="bbox 350 2375 2026 2505">
     <span class='ocr_line' id='line_1_12' title="bbox 350 2375 2026 2505; baseline -0.002 -29"><span class='ocrx_word' id='word_1_89' title='bbox 350 2403 547 2494; x_wconf 69' lang='lat' dir='ltr'><strong>Polimarx,</strong></span> <span class='ocrx_word' id='word_1_90' title='bbox 561 2427 760 2479; x_wconf 69' lang='lat' dir='ltr'><strong>anacreon</strong></span> <span class='ocrx_word' id='word_1_91' title='bbox 779 2429 908 2494; x_wconf 69' lang='lat' dir='ltr'><strong>sacras,</strong></span> <span class='ocrx_word' id='word_1_92' title='bbox 921 2404 1139 2478; x_wconf 87' lang='lat' dir='ltr'><strong>concinnata</strong></span> <span class='ocrx_word' id='word_1_93' title='bbox 1155 2431 1176 2477; x_wconf 89' lang='lat' dir='ltr'><strong>a</strong></span> <span class='ocrx_word' id='word_1_94' title='bbox 1189 2404 1329 2504; x_wconf 85' lang='lat' dir='ltr'><strong>Magno</strong></span> <span class='ocrx_word' id='word_1_95' title='bbox 1343 2403 1493 2493; x_wconf 83' lang='lat' dir='ltr'><strong>Petraeo,</strong></span> <span class='ocrx_word' id='word_1_96' title='bbox 1506 2401 1719 2502; x_wconf 85' lang='lat' dir='ltr'><strong>Toparchiae</strong></span> <span class='ocrx_word' id='word_1_97' title='bbox 1732 2403 1886 2505; x_wconf 87' lang='lat' dir='ltr'><strong>Skapta-</strong></span> <span class='ocrx_word' id='word_1_98' title='bbox 1917 2375 1939 2476; x_wconf 96' lang='lat' dir='ltr'><strong>l</strong></span> <span class='ocrx_word' id='word_1_99' title='bbox 1952 2375 2026 2477; x_wconf 74' lang='lat'><strong>12.</strong></span> 
     </span>
    </p>

    <p class='ocr_par' dir='ltr' id='par_1_5' title="bbox 370 2517 2031 4357">
     <span class='ocr_line' id='line_1_13' title="bbox 373 2517 2031 2630; baseline -0.002 -28"><span class='ocrx_word' id='word_1_100' title='bbox 373 2529 531 2603; x_wconf 86' lang='lat' dir='ltr'><strong>sellensis</strong></span> <span class='ocrx_word' id='word_1_101' title='bbox 547 2530 635 2604; x_wconf 92' lang='lat' dir='ltr'><strong>olim</strong></span> <span class='ocrx_word' id='word_1_102' title='bbox 652 2530 861 2630; x_wconf 74' lang='lat' dir='ltr'><strong>Praeposito,</strong></span> <span class='ocrx_word' id='word_1_103' title='bbox 879 2530 925 2604; x_wconf 89' lang='lat' dir='ltr'><strong>ab</strong></span> <span class='ocrx_word' id='word_1_104' title='bbox 943 2543 1088 2604; x_wconf 90' lang='lat' dir='ltr'><strong>auctore</strong></span> <span class='ocrx_word' id='word_1_105' title='bbox 1105 2529 1186 2630; x_wconf 92' lang='lat' dir='ltr'><strong>ipso</strong></span> <span class='ocrx_word' id='word_1_106' title='bbox 1202 2529 1241 2603; x_wconf 93' lang='lat' dir='ltr'><strong>in</strong></span> <span class='ocrx_word' id='word_1_107' title='bbox 1258 2553 1373 2601; x_wconf 91' lang='lat' dir='ltr'><strong>unum</strong></span> <span class='ocrx_word' id='word_1_108' title='bbox 1391 2524 1546 2617; x_wconf 88' lang='lat' dir='ltr'><strong>redacta,</strong></span> <span class='ocrx_word' id='word_1_109' title='bbox 1559 2539 1596 2599; x_wconf 92' lang='lat' dir='ltr'><strong>et</strong></span> <span class='ocrx_word' id='word_1_110' title='bbox 1609 2525 1648 2599; x_wconf 92' lang='lat' dir='ltr'><strong>in</strong></span> <span class='ocrx_word' id='word_1_111' title='bbox 1664 2525 1778 2600; x_wconf 88' lang='lat' dir='ltr'><strong>varias</strong></span> <span class='ocrx_word' id='word_1_112' title='bbox 1795 2530 1885 2602; x_wconf 88' lang='lat' dir='ltr'><strong>clas-</strong></span> <span class='ocrx_word' id='word_1_113' title='bbox 1913 2517 1960 2598; x_wconf 92' lang='grc' dir='ltr'><strong>Β.</strong></span> <span class='ocrx_word' id='word_1_114' title='bbox 1981 2517 2031 2598; x_wconf 89' lang='lat' dir='ltr'><strong>D.</strong></span> 
     </span>
     <span class='ocr_line' id='line_1_14' title="bbox 374 2649 1884 2753; baseline -0.001 -27"><span class='ocrx_word' id='word_1_115' title='bbox 374 2679 429 2726; x_wconf 92' lang='lat' dir='ltr'><strong>ses</strong></span> <span class='ocrx_word' id='word_1_116' title='bbox 442 2653 567 2743; x_wconf 89' lang='lat' dir='ltr'><strong>divisa,</strong></span> <span class='ocrx_word' id='word_1_117' title='bbox 578 2679 609 2726; x_wconf 90' lang='lat' dir='ltr'><strong>e.</strong></span> <span class='ocrx_word' id='word_1_118' title='bbox 622 2680 656 2753; x_wconf 91' lang='lat' dir='ltr'><strong>g.</strong></span> <span class='ocrx_word' id='word_1_119' title='bbox 670 2653 847 2747; x_wconf 89' lang='lat' dir='ltr'><strong>Threnos,</strong></span> <span class='ocrx_word' id='word_1_120' title='bbox 857 2654 915 2728; x_wconf 89' lang='lat' dir='ltr'><strong>vel</strong></span> <span class='ocrx_word' id='word_1_121' title='bbox 925 2653 1089 2727; x_wconf 86' lang='lat' dir='ltr'><strong>Psalmos</strong></span> <span class='ocrx_word' id='word_1_122' title='bbox 1099 2651 1385 2740; x_wconf 88' lang='lat' dir='ltr'><strong>Poenitentiales,</strong></span> <span class='ocrx_word' id='word_1_123' title='bbox 1398 2649 1678 2740; x_wconf 64' lang='lat' dir='ltr'><strong>consolatorios,</strong></span> <span class='ocrx_word' id='word_1_124' title='bbox 1691 2651 1778 2736; x_wconf 86' lang='lat' dir='ltr'><strong>&amp;c.;</strong></span> <span class='ocrx_word' id='word_1_125' title='bbox 1797 2651 1884 2725; x_wconf 91' lang='lat' dir='ltr'><strong>alios</strong></span> 
     </span>
     <span class='ocr_line' id='line_1_15' title="bbox 372 2774 1885 2877; baseline 0.001 -28"><span class='ocrx_word' id='word_1_126' title='bbox 372 2776 472 2850; x_wconf 86' lang='lat' dir='ltr'><strong>festis</strong></span> <span class='ocrx_word' id='word_1_127' title='bbox 486 2777 716 2875; x_wconf 89' lang='lat' dir='ltr'><strong>quibusdam,</strong></span> <span class='ocrx_word' id='word_1_128' title='bbox 731 2777 836 2851; x_wconf 91' lang='lat' dir='ltr'><strong>certis</strong></span> <span class='ocrx_word' id='word_1_129' title='bbox 851 2777 937 2850; x_wconf 86' lang='lat' dir='ltr'><strong>anni</strong></span> <span class='ocrx_word' id='word_1_130' title='bbox 948 2777 1174 2877; x_wconf 89' lang='lat' dir='ltr'><strong>temporibus</strong></span> <span class='ocrx_word' id='word_1_131' title='bbox 1186 2788 1223 2848; x_wconf 90' lang='lat' dir='ltr'><strong>et</strong></span> <span class='ocrx_word' id='word_1_132' title='bbox 1235 2774 1342 2850; x_wconf 89' lang='lat' dir='ltr'><strong>variis</strong></span> <span class='ocrx_word' id='word_1_133' title='bbox 1355 2775 1604 2850; x_wconf 84' lang='lat' dir='ltr'><strong>occasionibus</strong></span> <span class='ocrx_word' id='word_1_134' title='bbox 1617 2774 1765 2851; x_wconf 88' lang='lat' dir='ltr'><strong>dicatos.</strong></span> <span class='ocrx_word' id='word_1_135' title='bbox 1799 2777 1885 2853; x_wconf 85' lang='lat' dir='ltr'><strong>Col-</strong></span> 
     </span>
     <span class='ocr_line' id='line_1_16' title="bbox 373 2899 1884 3001; baseline 0.003 -28"><span class='ocrx_word' id='word_1_136' title='bbox 373 2900 481 2974; x_wconf 86' lang='lat' dir='ltr'><strong>lectio</strong></span> <span class='ocrx_word' id='word_1_137' title='bbox 496 2901 688 2990; x_wconf 90' lang='lat' dir='ltr'><strong>rarissima,</strong></span> <span class='ocrx_word' id='word_1_138' title='bbox 704 2900 856 2974; x_wconf 90' lang='lat' dir='ltr'><strong>Auctori</strong></span> <span class='ocrx_word' id='word_1_139' title='bbox 872 2900 1085 3000; x_wconf 85' lang='lat' dir='ltr'><strong>Sciagraph.</strong></span> <span class='ocrx_word' id='word_1_140' title='bbox 1113 2899 1212 2973; x_wconf 92' lang='lat' dir='ltr'><strong>Hist.</strong></span> <span class='ocrx_word' id='word_1_141' title='bbox 1230 2899 1300 2972; x_wconf 90' lang='lat' dir='ltr'><strong>Lit.</strong></span> <span class='ocrx_word' id='word_1_142' title='bbox 1317 2901 1453 3000; x_wconf 88' lang='lat' dir='ltr'><strong>ignota.</strong></span> <span class='ocrx_word' id='word_1_143' title='bbox 1479 2899 1632 3001; x_wconf 89' lang='lat' dir='ltr'><strong>Scripsit</strong></span> <span class='ocrx_word' id='word_1_144' title='bbox 1648 2914 1773 2976; x_wconf 83' lang='lat' dir='ltr'><strong>auctor</strong></span> <span class='ocrx_word' id='word_1_145' title='bbox 1789 2903 1884 2978; x_wconf 89' lang='lat' dir='ltr'><strong>circa</strong></span> 
     </span>
     <span class='ocr_line' id='line_1_17' title="bbox 372 3021 1883 3125; baseline 0.002 -29"><span class='ocrx_word' id='word_1_146' title='bbox 372 3049 508 3097; x_wconf 89' lang='lat' dir='ltr'><strong>annum</strong></span> <span class='ocrx_word' id='word_1_147' title='bbox 539 3024 633 3097; x_wconf 81' lang='lat'>1628</span> <span class='ocrx_word' id='word_1_148' title='bbox 659 3036 697 3096; x_wconf 89' lang='lat' dir='ltr'><strong>et</strong></span> <span class='ocrx_word' id='word_1_149' title='bbox 721 3036 923 3120; x_wconf 88' lang='lat' dir='ltr'><strong>sequentes,</strong></span> <span class='ocrx_word' id='word_1_150' title='bbox 950 3049 1022 3122; x_wconf 91' lang='lat' dir='ltr'><strong>qua</strong></span> <span class='ocrx_word' id='word_1_151' title='bbox 1045 3021 1207 3123; x_wconf 89' lang='lat' dir='ltr'><strong>periodo,</strong></span> <span class='ocrx_word' id='word_1_152' title='bbox 1233 3023 1328 3096; x_wconf 83' lang='lat' dir='ltr'><strong>inter</strong></span> <span class='ocrx_word' id='word_1_153' title='bbox 1353 3023 1433 3112; x_wconf 89' lang='lat' dir='ltr'><strong>alia,</strong></span> <span class='ocrx_word' id='word_1_154' title='bbox 1462 3023 1663 3123; x_wconf 90' lang='lat' dir='ltr'><strong>composita</strong></span> <span class='ocrx_word' id='word_1_155' title='bbox 1688 3037 1743 3098; x_wconf 89' lang='lat' dir='ltr'><strong>est</strong></span> <span class='ocrx_word' id='word_1_156' title='bbox 1771 3025 1883 3125; x_wconf 90' lang='lat' dir='ltr'><strong>ipsius</strong></span> 
     </span>
     <span class='ocr_line' id='line_1_18' title="bbox 371 3140 1883 3243; baseline -0.001 -27"><span class='ocrx_word' id='word_1_157' title='bbox 371 3142 539 3243; x_wconf 88' lang='lat' dir='ltr'><strong>Tyrkia</strong></span> <span class='ocrx_word' id='word_1_158' title='bbox 563 3143 704 3218; x_wconf 84' lang='lat' dir='ltr'><strong>Svaefa</strong></span> <span class='ocrx_word' id='word_1_159' title='bbox 727 3146 803 3216; x_wconf 73' lang='lat' dir='ltr'><strong>ellr</strong></span> <span class='ocrx_word' id='word_1_160' title='bbox 827 3143 971 3217; x_wconf 86' lang='lat' dir='ltr'><strong>Dilla:</strong></span> <span class='ocrx_word' id='word_1_161' title='bbox 999 3144 1022 3216; x_wconf 90' lang='lat' dir='ltr'><strong>i.</strong></span> <span class='ocrx_word' id='word_1_162' title='bbox 1040 3169 1071 3216; x_wconf 90' lang='lat' dir='ltr'><strong>e.</strong></span> <span class='ocrx_word' id='word_1_163' title='bbox 1096 3142 1227 3217; x_wconf 82' lang='lat' dir='ltr'><strong>Naenia</strong></span> <span class='ocrx_word' id='word_1_164' title='bbox 1247 3141 1375 3217; x_wconf 76' lang='lat' dir='ltr'><strong>&#39;l&#39;urcis</strong></span> <span class='ocrx_word' id='word_1_165' title='bbox 1402 3141 1608 3242; x_wconf 83' lang='lat' dir='ltr'><strong>soporifera,</strong></span> <span class='ocrx_word' id='word_1_166' title='bbox 1634 3140 1728 3215; x_wconf 91' lang='lat' dir='ltr'><strong>diras</strong></span> <span class='ocrx_word' id='word_1_167' title='bbox 1754 3155 1791 3214; x_wconf 89' lang='lat' dir='ltr'><strong>et</strong></span> <span class='ocrx_word' id='word_1_168' title='bbox 1815 3143 1883 3215; x_wconf 93' lang='lat' dir='ltr'><strong>im-</strong></span> 
     </span>
     <span class='ocr_line' id='line_1_19' title="bbox 371 3266 1882 3369; baseline 0.003 -30"><span class='ocrx_word' id='word_1_169' title='bbox 371 3267 597 3367; x_wconf 86' lang='lat' dir='ltr'><strong>precationes</strong></span> <span class='ocrx_word' id='word_1_170' title='bbox 623 3267 784 3341; x_wconf 89' lang='lat' dir='ltr'><strong>insolitas</strong></span> <span class='ocrx_word' id='word_1_171' title='bbox 816 3267 959 3367; x_wconf 89' lang='lat' dir='ltr'><strong>magico</strong></span> <span class='ocrx_word' id='word_1_172' title='bbox 984 3266 1058 3344; x_wconf 89' lang='lat' dir='ltr'><strong>fere</strong></span> <span class='ocrx_word' id='word_1_173' title='bbox 1083 3281 1207 3342; x_wconf 83' lang='lat' dir='ltr'><strong>tenore</strong></span> <span class='ocrx_word' id='word_1_174' title='bbox 1232 3267 1418 3369; x_wconf 89' lang='lat' dir='ltr'><strong>proferens</strong></span> <span class='ocrx_word' id='word_1_175' title='bbox 1443 3269 1482 3340; x_wconf 93' lang='lat' dir='ltr'><strong>in</strong></span> <span class='ocrx_word' id='word_1_176' title='bbox 1506 3268 1643 3341; x_wconf 87' lang='lat' dir='ltr'><strong>Turcas</strong></span> <span class='ocrx_word' id='word_1_177' title='bbox 1664 3267 1882 3360; x_wconf 88' lang='lat' dir='ltr'><strong>Alzirenses,</strong></span> 
     </span>
     <span class='ocr_line' id='line_1_20' title="bbox 373 3389 1883 3491; baseline 0.002 -29"><span class='ocrx_word' id='word_1_178' title='bbox 373 3391 435 3487; x_wconf 91' lang='lat' dir='ltr'><strong>qui</strong></span> <span class='ocrx_word' id='word_1_179' title='bbox 460 3416 577 3490; x_wconf 88' lang='lat' dir='ltr'><strong>nuper</strong></span> <span class='ocrx_word' id='word_1_180' title='bbox 601 3389 798 3464; x_wconf 87' lang='lat' dir='ltr'><strong>Islandiam</strong></span> <span class='ocrx_word' id='word_1_181' title='bbox 824 3389 1019 3491; x_wconf 84' lang='lat' dir='ltr'><strong>depraedati</strong></span> <span class='ocrx_word' id='word_1_182' title='bbox 1043 3391 1197 3464; x_wconf 86' lang='lat' dir='ltr'><strong>fuerant.</strong></span> <span class='ocrx_word' id='word_1_183' title='bbox 1247 3391 1332 3465; x_wconf 90' lang='lat' dir='ltr'><strong>Alia</strong></span> <span class='ocrx_word' id='word_1_184' title='bbox 1354 3391 1432 3490; x_wconf 90' lang='lat' dir='ltr'><strong>ejus</strong></span> <span class='ocrx_word' id='word_1_185' title='bbox 1457 3391 1625 3482; x_wconf 86' lang='lat' dir='ltr'><strong>Querela,</strong></span> <span class='ocrx_word' id='word_1_186' title='bbox 1646 3391 1883 3466; x_wconf 88' lang='lat' dir='ltr'><strong>Veraldar-</strong></span> 
     </span>
     <span class='ocr_line' id='line_1_21' title="bbox 372 3511 1882 3615; baseline 0 -29"><span class='ocrx_word' id='word_1_187' title='bbox 372 3512 457 3612; x_wconf 90' lang='lat' dir='ltr'><strong>Spe</strong></span> <span class='ocrx_word' id='word_1_188' title='bbox 464 3511 547 3612; x_wconf 93' lang='lat' dir='ltr'><strong>gill</strong></span> <span class='ocrx_word' id='word_1_189' title='bbox 584 3511 797 3613; x_wconf 90' lang='lat' dir='ltr'><strong>(Speculum</strong></span> <span class='ocrx_word' id='word_1_190' title='bbox 827 3513 978 3612; x_wconf 89' lang='lat' dir='ltr'><strong>Mundi)</strong></span> <span class='ocrx_word' id='word_1_191' title='bbox 1011 3513 1098 3588; x_wconf 90' lang='lat' dir='ltr'><strong>vitia</strong></span> <span class='ocrx_word' id='word_1_192' title='bbox 1127 3512 1356 3588; x_wconf 87' lang='lat' dir='ltr'><strong>Islandorum</strong></span> <span class='ocrx_word' id='word_1_193' title='bbox 1388 3513 1586 3615; x_wconf 78' lang='lat' dir='ltr'><strong>praesertim</strong></span> <span class='ocrx_word' id='word_1_194' title='bbox 1619 3511 1882 3613; x_wconf 86' lang='lat' dir='ltr'><strong>Skaptafellen-</strong></span> 
     </span>
     <span class='ocr_line' id='line_1_22' title="bbox 373 3637 1882 3740; baseline -0.001 -28"><span class='ocrx_word' id='word_1_195' title='bbox 373 3639 467 3712; x_wconf 87' lang='lat' dir='ltr'><strong>sium</strong></span> <span class='ocrx_word' id='word_1_196' title='bbox 484 3664 686 3712; x_wconf 79' lang='lat' dir='ltr'><strong>coaevorum</strong></span> <span class='ocrx_word' id='word_1_197' title='bbox 704 3638 914 3736; x_wconf 87' lang='lat' dir='ltr'><strong>gravissime</strong></span> <span class='ocrx_word' id='word_1_198' title='bbox 931 3638 1062 3738; x_wconf 90' lang='lat' dir='ltr'><strong>arguit,</strong></span> <span class='ocrx_word' id='word_1_199' title='bbox 1079 3665 1163 3712; x_wconf 93' lang='lat' dir='ltr'><strong>cum</strong></span> <span class='ocrx_word' id='word_1_200' title='bbox 1181 3639 1346 3740; x_wconf 86' lang='lat' dir='ltr'><strong>pluribus</strong></span> <span class='ocrx_word' id='word_1_201' title='bbox 1370 3637 1497 3712; x_wconf 91' lang='lat' dir='ltr'><strong>similis</strong></span> <span class='ocrx_word' id='word_1_202' title='bbox 1518 3637 1733 3738; x_wconf 89' lang='lat' dir='ltr'><strong>argumenti,</strong></span> <span class='ocrx_word' id='word_1_203' title='bbox 1750 3638 1882 3737; x_wconf 91' lang='lat' dir='ltr'><strong>partim</strong></span> 
     </span>
     <span class='ocr_line' id='line_1_23' title="bbox 371 3761 1886 3864; baseline -0.001 -28"><span class='ocrx_word' id='word_1_204' title='bbox 371 3774 507 3837; x_wconf 85' lang='lat' dir='ltr'><strong>naturae</strong></span> <span class='ocrx_word' id='word_1_205' title='bbox 531 3775 758 3862; x_wconf 87' lang='lat' dir='ltr'><strong>portentosas</strong></span> <span class='ocrx_word' id='word_1_206' title='bbox 782 3763 1022 3837; x_wconf 85' lang='lat' dir='ltr'><strong>revolutiones</strong></span> <span class='ocrx_word' id='word_1_207' title='bbox 1048 3775 1085 3836; x_wconf 92' lang='lat' dir='ltr'><strong>et</strong></span> <span class='ocrx_word' id='word_1_208' title='bbox 1110 3761 1363 3863; x_wconf 89' lang='lat' dir='ltr'><strong>intemperiem</strong></span> <span class='ocrx_word' id='word_1_209' title='bbox 1391 3761 1675 3864; x_wconf 87' lang='lat' dir='ltr'><strong>deplorantibus,</strong></span> <span class='ocrx_word' id='word_1_210' title='bbox 1701 3762 1767 3833; x_wconf 79' lang='lat' dir='ltr'><strong>&amp;c</strong></span> <span class='ocrx_word' id='word_1_211' title='bbox 1818 3761 1886 3834; x_wconf 84' lang='lat' dir='ltr'><strong>Est</strong></span> 
     </span>
     <span class='ocr_line' id='line_1_24' title="bbox 371 3885 1882 3987; baseline 0 -27"><span class='ocrx_word' id='word_1_212' title='bbox 371 3886 525 3960; x_wconf 88' lang='lat' dir='ltr'><strong>auctoris</strong></span> <span class='ocrx_word' id='word_1_213' title='bbox 552 3886 829 3985; x_wconf 88' lang='lat' dir='ltr'><strong>autographum,</strong></span> <span class='ocrx_word' id='word_1_214' title='bbox 852 3899 894 3960; x_wconf 90' lang='lat' dir='ltr'><strong>ut</strong></span> <span class='ocrx_word' id='word_1_215' title='bbox 918 3912 1054 3959; x_wconf 89' lang='lat' dir='ltr'><strong>nomen</strong></span> <span class='ocrx_word' id='word_1_216' title='bbox 1080 3886 1326 3987; x_wconf 88' lang='lat' dir='ltr'><strong>subscriptum</strong></span> <span class='ocrx_word' id='word_1_217' title='bbox 1350 3885 1412 3960; x_wconf 88' lang='lat' dir='ltr'><strong>fol.</strong></span> <span class='ocrx_word' id='word_1_218' title='bbox 1441 3889 1509 3960; x_wconf 88' lang='grc'><strong>113</strong></span> <span class='ocrx_word' id='word_1_219' title='bbox 1534 3897 1697 3975; x_wconf 87' lang='lat' dir='ltr'><strong>testatur,</strong></span> <span class='ocrx_word' id='word_1_220' title='bbox 1720 3886 1882 3985; x_wconf 89' lang='lat' dir='ltr'><strong>exceptis</strong></span> 
     </span>
     <span class='ocr_line' id='line_1_25' title="bbox 370 4009 1880 4112; baseline 0.001 -30"><span class='ocrx_word' id='word_1_221' title='bbox 370 4011 464 4085; x_wconf 86' lang='lat' dir='ltr'><strong>foliis</strong></span> <span class='ocrx_word' id='word_1_222' title='bbox 489 4010 629 4112; x_wconf 88' lang='lat' dir='ltr'><strong>primis,</strong></span> <span class='ocrx_word' id='word_1_223' title='bbox 647 4035 739 4106; x_wconf 80' lang='lat' dir='ltr'><strong>quoe,</strong></span> <span class='ocrx_word' id='word_1_224' title='bbox 755 4023 905 4110; x_wconf 91' lang='lat' dir='ltr'><strong>propter</strong></span> <span class='ocrx_word' id='word_1_225' title='bbox 925 4011 1054 4085; x_wconf 87' lang='lat' dir='ltr'><strong>veteris</strong></span> <span class='ocrx_word' id='word_1_226' title='bbox 1081 4011 1214 4084; x_wconf 71' lang='lat' dir='ltr'><strong>chartae</strong></span> <span class='ocrx_word' id='word_1_227' title='bbox 1239 4011 1493 4111; x_wconf 84' lang='lat' dir='ltr'><strong>corruptelam,</strong></span> <span class='ocrx_word' id='word_1_228' title='bbox 1512 4036 1533 4083; x_wconf 90' lang='lat' dir='ltr'><strong>a</strong></span> <span class='ocrx_word' id='word_1_229' title='bbox 1549 4035 1661 4083; x_wconf 91' lang='lat' dir='ltr'><strong>manu</strong></span> <span class='ocrx_word' id='word_1_230' title='bbox 1683 4009 1880 4083; x_wconf 90' lang='lat' dir='ltr'><strong>recentiore</strong></span> 
     </span>
     <span class='ocr_line' id='line_1_26' title="bbox 371 4131 1881 4232; baseline -0.001 -26"><span class='ocrx_word' id='word_1_231' title='bbox 371 4146 455 4208; x_wconf 90' lang='lat' dir='ltr'><strong>sunt</strong></span> <span class='ocrx_word' id='word_1_232' title='bbox 482 4131 614 4223; x_wconf 90' lang='lat' dir='ltr'><strong>addita,</strong></span> <span class='ocrx_word' id='word_1_233' title='bbox 640 4145 748 4230; x_wconf 87' lang='lat' dir='ltr'><strong>atque</strong></span> <span class='ocrx_word' id='word_1_234' title='bbox 774 4131 1013 4232; x_wconf 84' lang='lat' dir='ltr'><strong>appendicem</strong></span> <span class='ocrx_word' id='word_1_235' title='bbox 1038 4145 1076 4205; x_wconf 91' lang='lat' dir='ltr'><strong>et</strong></span> <span class='ocrx_word' id='word_1_236' title='bbox 1106 4131 1264 4206; x_wconf 87' lang='lat' dir='ltr'><strong>indicem</strong></span> <span class='ocrx_word' id='word_1_237' title='bbox 1296 4132 1576 4232; x_wconf 85' lang='lat' dir='ltr'><strong>alphabeticum.</strong></span> <span class='ocrx_word' id='word_1_238' title='bbox 1626 4131 1881 4210; x_wconf 88' lang='lat' dir='ltr'><strong>Verisimiliter</strong></span> 
     </span>
     <span class='ocr_line' id='line_1_27' title="bbox 370 4254 1104 4357; baseline -0.004 -26"><span class='ocrx_word' id='word_1_239' title='bbox 370 4259 532 4349; x_wconf 90' lang='lat' dir='ltr'><strong>unicum,</strong></span> <span class='ocrx_word' id='word_1_240' title='bbox 550 4255 647 4357; x_wconf 91' lang='lat' dir='ltr'><strong>quod</strong></span> <span class='ocrx_word' id='word_1_241' title='bbox 657 4254 738 4354; x_wconf 89' lang='lat' dir='ltr'><strong>jam</strong></span> <span class='ocrx_word' id='word_1_242' title='bbox 755 4255 890 4346; x_wconf 85' lang='lat' dir='ltr'><strong>existit,</strong></span> <span class='ocrx_word' id='word_1_243' title='bbox 907 4256 1104 4357; x_wconf 64' lang='lat' dir='ltr'><strong>exemplari</strong></span> 
     </span>
    </p>
   </div>
   <div class='ocr_carea' id='block_1_4' title="bbox 345 4473 2020 5321">
    <p class='ocr_par' dir='ltr' id='par_1_6' title="bbox 345 4473 2020 5224">
     <span class='ocr_line' id='line_1_28' title="bbox 345 4473 2017 4603; baseline 0 -25"><span class='ocrx_word' id='word_1_244' title='bbox 345 4504 586 4579; x_wconf 68' lang='lat' dir='ltr'><strong>Pomorum</strong></span> <span class='ocrx_word' id='word_1_245' title='bbox 610 4507 902 4580; x_wconf 76' lang='lat' dir='ltr'><strong>Ismnmconuu</strong></span> <span class='ocrx_word' id='word_1_246' title='bbox 927 4503 1106 4578; x_wconf 90' lang='lat' dir='ltr'><strong>Collectio</strong></span> <span class='ocrx_word' id='word_1_247' title='bbox 1129 4503 1352 4603; x_wconf 86' lang='lat' dir='ltr'><strong>amplissima</strong></span> <span class='ocrx_word' id='word_1_248' title='bbox 1375 4527 1518 4577; x_wconf 87' lang='lat' dir='ltr'><strong>necnon</strong></span> <span class='ocrx_word' id='word_1_249' title='bbox 1540 4501 1713 4575; x_wconf 88' lang='lat' dir='ltr'><strong>similium</strong></span> <span class='ocrx_word' id='word_1_250' title='bbox 1735 4499 1877 4576; x_wconf 89' lang='lat' dir='ltr'><strong>Carmi-</strong></span> <span class='ocrx_word' id='word_1_251' title='bbox 1908 4473 2017 4580; x_wconf 87' lang='grc'><strong>113.</strong></span> 
     </span>
     <span class='ocr_line' id='line_1_29' title="bbox 370 4615 2020 4731; baseline -0.002 -29"><span class='ocrx_word' id='word_1_252' title='bbox 370 4655 473 4720; x_wconf 92' lang='lat' dir='ltr'><strong>num,</strong></span> <span class='ocrx_word' id='word_1_253' title='bbox 487 4630 685 4703; x_wconf 92' lang='lat' dir='ltr'><strong>maximam</strong></span> <span class='ocrx_word' id='word_1_254' title='bbox 699 4646 841 4731; x_wconf 86' lang='lat' dir='ltr'><strong>partem</strong></span> <span class='ocrx_word' id='word_1_255' title='bbox 853 4625 1084 4716; x_wconf 79' lang='lat' dir='ltr'><strong>ineditorum,</strong></span> <span class='ocrx_word' id='word_1_256' title='bbox 1096 4652 1249 4702; x_wconf 89' lang='lat' dir='ltr'><strong>numero</strong></span> <span class='ocrx_word' id='word_1_257' title='bbox 1261 4627 1336 4707; x_wconf 80' lang='lat'><strong>447</strong></span> <span class='ocrx_word' id='word_1_258' title='bbox 1349 4627 1421 4719; x_wconf 88' lang='lat' dir='ltr'><strong>(vel</strong></span> <span class='ocrx_word' id='word_1_259' title='bbox 1434 4627 1507 4699; x_wconf 82' lang='lat'><strong>462</strong></span> <span class='ocrx_word' id='word_1_260' title='bbox 1523 4651 1568 4699; x_wconf 86' lang='lat' dir='ltr'><strong>ex</strong></span> <span class='ocrx_word' id='word_1_261' title='bbox 1582 4624 1651 4698; x_wconf 92' lang='lat' dir='ltr'><strong>alia</strong></span> <span class='ocrx_word' id='word_1_262' title='bbox 1664 4623 1853 4722; x_wconf 89' lang='lat' dir='ltr'><strong>divisione)</strong></span> <span class='ocrx_word' id='word_1_263' title='bbox 1867 4656 1876 4710; x_wconf 89' lang='lat'><strong>;</strong></span> <span class='ocrx_word' id='word_1_264' title='bbox 1905 4615 1951 4698; x_wconf 89' lang='grc' dir='ltr'><strong>Β.</strong></span> <span class='ocrx_word' id='word_1_265' title='bbox 1972 4620 2020 4700; x_wconf 88' lang='grc' dir='ltr'><strong>Ε.</strong></span> 
     </span>
     <span class='ocr_line' id='line_1_30' title="bbox 370 4746 1878 4855; baseline -0.007 -26"><span class='ocrx_word' id='word_1_266' title='bbox 370 4754 480 4829; x_wconf 83' lang='lat' dir='ltr'><strong>literis</strong></span> <span class='ocrx_word' id='word_1_267' title='bbox 506 4753 673 4829; x_wconf 88' lang='lat' dir='ltr'><strong>Gothicis</strong></span> <span class='ocrx_word' id='word_1_268' title='bbox 695 4755 879 4855; x_wconf 88' lang='lat' dir='ltr'><strong>eleganter</strong></span> <span class='ocrx_word' id='word_1_269' title='bbox 901 4763 1008 4849; x_wconf 91' lang='lat' dir='ltr'><strong>atque</strong></span> <span class='ocrx_word' id='word_1_270' title='bbox 1035 4761 1200 4824; x_wconf 89' lang='lat' dir='ltr'><strong>accurate</strong></span> <span class='ocrx_word' id='word_1_271' title='bbox 1225 4761 1382 4840; x_wconf 86' lang='lat' dir='ltr'><strong>exarata,</strong></span> <span class='ocrx_word' id='word_1_272' title='bbox 1407 4776 1428 4822; x_wconf 89' lang='lat' dir='ltr'><strong>a</strong></span> <span class='ocrx_word' id='word_1_273' title='bbox 1453 4747 1645 4824; x_wconf 83' lang='lat' dir='ltr'><strong>Sacerdote</strong></span> <span class='ocrx_word' id='word_1_274' title='bbox 1670 4746 1878 4821; x_wconf 87' lang='lat' dir='ltr'><strong>Reidarvat-</strong></span> 
     </span>
     <span class='ocr_line' id='line_1_31' title="bbox 370 4871 1877 4976; baseline -0.007 -23"><span class='ocrx_word' id='word_1_275' title='bbox 370 4879 485 4953; x_wconf 89' lang='lat' dir='ltr'><strong>nensi.</strong></span> <span class='ocrx_word' id='word_1_276' title='bbox 510 4878 599 4952; x_wconf 88' lang='lat' dir='ltr'><strong>Tres</strong></span> <span class='ocrx_word' id='word_1_277' title='bbox 612 4877 749 4951; x_wconf 91' lang='lat' dir='ltr'><strong>indices</strong></span> <span class='ocrx_word' id='word_1_278' title='bbox 762 4879 933 4976; x_wconf 92' lang='lat' dir='ltr'><strong>(quorum</strong></span> <span class='ocrx_word' id='word_1_279' title='bbox 945 4874 1018 4949; x_wconf 94' lang='lat' dir='ltr'><strong>duo</strong></span> <span class='ocrx_word' id='word_1_280' title='bbox 1031 4873 1266 4975; x_wconf 88' lang='lat' dir='ltr'><strong>alphabetici)</strong></span> <span class='ocrx_word' id='word_1_281' title='bbox 1280 4887 1364 4947; x_wconf 90' lang='lat' dir='ltr'><strong>sunt</strong></span> <span class='ocrx_word' id='word_1_282' title='bbox 1379 4871 1502 4962; x_wconf 90' lang='lat' dir='ltr'><strong>additi,</strong></span> <span class='ocrx_word' id='word_1_283' title='bbox 1516 4873 1702 4962; x_wconf 87' lang='lat' dir='ltr'><strong>nimimm,</strong></span> <span class='ocrx_word' id='word_1_284' title='bbox 1715 4895 1752 4944; x_wconf 85' lang='lat' dir='ltr'><strong>o.</strong></span> <span class='ocrx_word' id='word_1_285' title='bbox 1766 4872 1877 4972; x_wconf 90' lang='lat' dir='ltr'><strong>prim-</strong></span> 
     </span>
     <span class='ocr_line' id='line_1_32' title="bbox 370 4997 1877 5098; baseline -0.005 -23"><span class='ocrx_word' id='word_1_286' title='bbox 370 5001 513 5076; x_wconf 88' lang='lat' dir='ltr'><strong>ordialis</strong></span> <span class='ocrx_word' id='word_1_287' title='bbox 544 5001 784 5090; x_wconf 89' lang='lat' dir='ltr'><strong>Psalmorum,</strong></span> <span class='ocrx_word' id='word_1_288' title='bbox 813 4999 848 5074; x_wconf 84' lang='lat' dir='ltr'><strong>b.</strong></span> <span class='ocrx_word' id='word_1_289' title='bbox 874 5002 978 5076; x_wconf 90' lang='lat' dir='ltr'><strong>realis</strong></span> <span class='ocrx_word' id='word_1_290' title='bbox 1004 5001 1060 5074; x_wconf 91' lang='lat' dir='ltr'><strong>rel</strong></span> <span class='ocrx_word' id='word_1_291' title='bbox 1093 4999 1274 5088; x_wconf 90' lang='lat' dir='ltr'><strong>classicus,</strong></span> <span class='ocrx_word' id='word_1_292' title='bbox 1298 5013 1347 5089; x_wconf 90' lang='lat' dir='ltr'><strong>et,</strong></span> <span class='ocrx_word' id='word_1_293' title='bbox 1372 5022 1403 5073; x_wconf 86' lang='lat' dir='ltr'><strong>c.</strong></span> <span class='ocrx_word' id='word_1_294' title='bbox 1430 5012 1618 5073; x_wconf 88' lang='lat' dir='ltr'><strong>auctorum</strong></span> <span class='ocrx_word' id='word_1_295' title='bbox 1650 4997 1877 5098; x_wconf 86' lang='lat' dir='ltr'><strong>cognitorum</strong></span> 
     </span>
     <span class='ocr_line' id='line_1_33' title="bbox 375 5119 1877 5224; baseline -0.007 -23"><span class='ocrx_word' id='word_1_296' title='bbox 375 5129 542 5224; x_wconf 87' lang='lat' dir='ltr'><strong>(numero</strong></span> <span class='ocrx_word' id='word_1_297' title='bbox 566 5126 643 5222; x_wconf 89' lang='grc'><strong>36).</strong></span> <span class='ocrx_word' id='word_1_298' title='bbox 693 5124 794 5198; x_wconf 88' lang='lat' dir='ltr'><strong>Inter</strong></span> <span class='ocrx_word' id='word_1_299' title='bbox 818 5123 978 5199; x_wconf 86' lang='lat' dir='ltr'><strong>maxime</strong></span> <span class='ocrx_word' id='word_1_300' title='bbox 1004 5123 1253 5198; x_wconf 91' lang='lat' dir='ltr'><strong>memorabilia</strong></span> <span class='ocrx_word' id='word_1_301' title='bbox 1278 5122 1478 5198; x_wconf 89' lang='lat' dir='ltr'><strong>habentur:</strong></span> <span class='ocrx_word' id='word_1_302' title='bbox 1509 5122 1607 5197; x_wconf 87' lang='lat' dir='ltr'><strong>varia</strong></span> <span class='ocrx_word' id='word_1_303' title='bbox 1627 5120 1772 5223; x_wconf 63' lang='lat' dir='ltr'><strong>poetica</strong></span> <span class='ocrx_word' id='word_1_304' title='bbox 1796 5119 1877 5193; x_wconf 88' lang='lat' dir='ltr'><strong>Me-</strong></span> 
     </span>
    </p>

    <p class='ocr_par' dir='ltr' id='par_1_7' title="bbox 1086 5272 1109 5321">
     <span class='ocr_line' id='line_1_34' title="bbox 1086 5272 1109 5321; baseline 0 0"><span class='ocrx_word' id='word_1_305' title='bbox 1086 5272 1109 5321; x_wconf 81' lang='lat' dir='ltr'><strong>o</strong></span> 
     </span>
    </p>
   </div>
   <div class='ocr_carea' id='block_1_5' title="bbox 0 0 2572 6534">
    <p class='ocr_par' dir='ltr' id='par_1_8' title="bbox 0 0 2572 6534">
     <span class='ocr_line' id='line_1_35' title="bbox 0 0 2572 6534; baseline 0 2"><span class='ocrx_word' id='word_1_306' title='bbox 0 0 2572 6534; x_wconf 95' lang='lat' dir='ltr'><strong> </strong></span> 
     </span>
    </p>
   </div>
  </div>
 </body>
</html>
