5134 6534
1387 819 1439 892 54

486 1019 771 1094 oceno-Lean
788 1019 888 1093 Onu
905 1042 1016 1094 rnnss
1036 1020 1153 1094 Reors
1170 1019 1307 1093 annu
1324 1044 1449 1110 novis,
1461 1021 1527 1093 &c
1546 1018 1754 1118 (lslandice)
1772 1021 1916 1119 penitus
1933 1021 2092 1108 fictitiae3
2120 1047 2181 1094 ve·

509 1122 619 1222 140.
673 1143 868 1218 risimiliter
884 1143 1072 1244 exemplar
1087 1143 1235 1218 unicum
1248 1143 1327 1241 jam
1347 1143 1516 1216 existens.

501 1259 552 1343 B.
570 1261 622 1342 D.

1284 1390 1561 1442 ...φ-

1298 1607 1354 1680 IN
1380 1605 1547 1680 FOLIO.

506 1752 624 1815 F⁰L1⁰·
651 1755 786 1829 Orsus
811 1752 964 1827 Belum
989 1752 1129 1842 Jonnn,
1154 1751 1328 1852 Episcopi
1354 1752 1539 1842 Holensis,
1566 1751 1640 1823 nati
1666 1750 1762 1823 circa
1783 1775 1921 1824 annum
1952 1750 2058 1839 1200,
2077 1749 2183 1847 jussu

512 1836 624 1937 141·
677 1875 819 1976 Magni,
836 1875 1026 1974 Norvegiae
1052 1873 1268 1948 haereditarii
1293 1873 1471 1973 Principis
1497 1885 1534 1947 et
1557 1885 1683 1972 postea
1708 1871 1831 1970 Regis,
1849 1869 2064 1968 conscripta,
2081 1869 2182 1942 vele

543 1976 593 2058 Α·
678 2003 807 2076 Latino
824 2026 987 2075 sermone
1004 2027 1118 2090 versa,
1133 1999 1253 2074 adhuc
1269 2000 1413 2099 penitus
1430 1997 1578 2087 inedita,
1596 1996 1789 2070 nimirum:

702 2124 748 2198 A.
776 2122 895 2213 Liber,
908 2120 1025 2196 dictus
1043 2121 1208 2220 Stjdrn,
1226 2121 1427 2210 continens,

756 2244 787 2315 l.
814 2241 1053 2342 Paraphrasin
1075 2241 1249 2316 librorum
1271 2241 1525 2315 historicorum
1541 2239 1683 2313 Veteris
1704 2236 1929 2311 Testamenti
1954 2239 2056 2334 (cum
2073 2237 2185 2310 intro-

774 2365 944 2440 ductione
967 2366 1133 2466 originali
1156 2367 1425 2466 Cosmogonica
1440 2380 1478 2438 et
1494 2363 1762 2464 Geographica)
1787 2360 1915 2435 additis
1939 2360 2063 2436 multis
2078 2359 2185 2434 Glos-

777 2491 837 2581 sis,
852 2489 1120 2563 Traditionibus
1144 2502 1181 2563 et
1203 2490 1411 2581 Sententiis,
1429 2487 1549 2564 medio
1565 2489 1660 2563 AEvo
1678 2485 1999 2586 acceptis-usque
2023 2482 2068 2558 ad
2089 2511 2185 2558 mor-

775 2628 851 2689 tem
866 2613 1049 2690 Joachimi
1067 2613 1140 2688 sive
1155 2613 1342 2688 Jechonise
1359 2613 1481 2713 Regis.

752 2736 787 2807 2.
813 2732 1013 2807 Historiam
1030 2733 1230 2807 Alexandri
1246 2735 1388 2835 Magni,
1408 2734 1584 2832 (alioquin
1602 2733 1731 2833 saepius
1748 2731 1978 2832 separatam.)

752 2860 788 2931 3.
814 2858 1015 2932 Historiam
1039 2859 1278 2933 Hebraeorum
1303 2861 1370 2933 sub
1393 2859 1554 2958 Regibus
1575 2857 1700 2957 Syriae,
1717 2856 1870 2956 propriis
1895 2855 2132 2956 principibus,
2149 2866 2186 2927 et

781 2981 968 3072 Romanis,
985 3008 1100 3080 usque
1117 2981 1163 3056 ad
1179 2982 1473 3056 Destructionem
1490 2982 1766 3081 Hierosolymoe.

705 3105 750 3179 B.
776 3105 939 3179 Historia
968 3107 1228 3197 Romanorum,
1258 3108 1382 3206 (vulgo
1411 3105 1815 3204 R6mveria-Saga.)
1880 3105 1973 3178 Hsec
2008 3104 2188 3178 rarissima

731 3230 909 3307 Collectio
935 3233 1063 3305 merito
1088 3232 1181 3307 inter
1206 3232 1501 3333 praestantissima
1524 3233 1654 3305 veteris
1680 3229 1950 3306 Scandinavicae
1976 3228 2049 3304 sive
2073 3230 2188 3304 Islan·

729 3350 819 3424 dicae
837 3352 970 3451 linguae
987 3367 1223 3427 monumenta
1239 3353 1403 3428 habetur.

1286 3645 1559 3696 ...φ-

1245 3909 1308 3984 IN
1341 3908 1595 4001 QUARTO.

499 4115 652 4192 Quaero.
662 4105 803 4184 Cousx
818 4103 840 4179 J
844 4129 1027 4180 unrnrcus
1044 4105 1232 4180 continens
1246 4107 1360 4181 varias
1374 4107 1488 4206 Leges
1502 4132 1545 4180 ac
1557 4118 1678 4180 vetera
1691 4105 1834 4204 Regum
1848 4103 2038 4202 Norvegiae
2049 4101 2192 4197 Edicta,

523 4203 633 4301 142
686 4230 800 4304 multa
825 4229 969 4304 Statuta
992 4245 1030 4303 et
1054 4230 1258 4305 Sententias
1282 4231 1366 4306 Fori
1392 4231 1581 4331 generalis,
1606 4229 1802 4330 Synodalia
1826 4226 2103 4328 Episcoporum,
2123 4231 2190 4304 &o

552 4340 600 4422 A.
686 4355 862 4453 Pleraque
885 4381 964 4428 rara
979 4366 1016 4427 et
1039 4352 1184 4428 inedita.
1238 4355 1406 4449 (Praefixa
1427 4368 1483 4430 est
1505 4353 1711 4454 Explicatio
1734 4353 1945 4428 Glossarum
1960 4351 2057 4427 Jun's
2075 4355 2190 4428 Islan-

687 4476 758 4552 dici
776 4480 1031 4570 obsoletarum‚
1044 4478 1204 4553 Auctore
1218 4480 1355 4556 Biorno
1369 4481 1393 4556 J
1395 4507 1509 4571 onaeo,
1526 4479 1769 4555 Skardsaensi.
1814 4478 2012 4577 Exemplar
2028 4505 2190 4556 coaevum

689 4613 726 4676 et
741 4602 834 4676 forte
851 4602 1146 4703 autographum.)
1190 4602 1292 4677 Ined.

527 4818 637 4922 143
664 4845 763 4919 Anni
783 4844 970 4920 Jurumcn
988 4847 1219 4940 Cornucrro,
1239 4847 1445 4948 (Benedicti
1468 4849 1628 4949 Magnsei
1648 4845 1964 4922 Bechchoronomi
1984 4849 2194 4951 Skagaljor-

520 4959 569 5041 A.
589 4958 641 5042 Ι).
690 4968 811 5042 densis
828 4970 1063 5069 autographa,
1081 4999 1176 5046 anno
1198 4973 1319 5069 1696,)
1347 4973 1527 5048 rarissima
1546 4987 1583 5045 et
1604 4970 1760 5058 inedita3
1788 4971 2027 5048 verisimiliter
2043 4975 2192 5051 unicum

686 5093 765 5189 jam
790 5092 947 5165 existens
976 5097 1173 5195 exemplar,
1191 5109 1228 5170 et
1252 5097 1388 5170 auctori
1412 5095 1654 5196 Sciagrsphiae
1676 5094 1847 5172 Historiae
1874 5095 2053 5172 Literan'ae
2080 5099 2194 5175 Islan-

692 5215 820 5290 dorum
837 5217 1014 5316 ignotum.
